2670 4596
199 373 203 384 ,
230 321 272 364 xx
500 305 564 366 ua
587 303 821 368 arnume
844 302 998 369 aereo

229 423 364 497 bantur
386 426 560 500 caelestem
588 429 745 502 tribuere
772 456 916 502 causam
942 429 1044 502 haud
1069 428 1273 520 dubitavit,

229 566 305 638 quo
324 540 419 613 facto
439 547 569 615 certius
585 549 850 616 venerationem
871 545 971 643 vulgi
993 561 1163 642 praetenta
1182 571 1272 643 qua·

229 653 315 725 dam
332 655 514 754 religionis
528 663 643 757 specie
657 685 698 732 ac
713 660 895 758 majestate
910 659 977 730 sibi
993 660 1214 732 vindicaret:
1237 677 1273 731 et

227 785 345 857 erant,
358 788 399 840 ut
411 771 634 869 plurimum,
646 773 699 844 illi
711 792 805 845 vates
817 773 1060 846 sacerdotibus
1073 777 1272 872 aggregati,

228 906 415 955 sacrorum
430 890 497 984 ipsi
518 891 717 985 participes.
744 891 867 985 ltaque
880 914 997 986 quum
1013 889 1127 958 divini
1145 905 1180 958 et
1201 886 1274 957 hu-

228 1003 328 1068 mani
338 1000 430 1096 juris
445 1005 652 1100 interpretes
665 1002 905 1091 haberentur,
922 1007 1137 1099 virtutisque
1148 1000 1273 1100 quod-

228 1111 313 1182 dam
328 1119 573 1213 magisterium
588 1136 808 1206 exercerent,
829 1118 931 1189 ultro
948 1134 1100 1188 conatus
1120 1139 1206 1187 suos
1223 1116 1271 1187 ad
1316 1097 1319 1108 ¹

228 1229 487 1302 instituendam
511 1257 659 1303 morum
683 1231 911 1329 disciplinam
935 1236 1041 1303 etiam
1071 1235 1109 1300 in
1132 1228 1202 1301 bac
1233 1256 1272 1301 re

228 1342 476 1414 contulerunt.
496 1346 553 1416 Sic
571 1351 830 1417 sententiarum
849 1349 1022 1443 sapientia
1041 1362 1074 1416 et
1092 1343 1273 1440 exemplo-

228 1480 312 1526 rum
329 1463 707 1554 praestantissimorum
725 1461 871 1548 decore,
891 1458 972 1530 utile
989 1463 1159 1530 miscentes
1178 1455 1272 1527 dulci

225 1586 391 1668 punctum
407 1597 507 1642 omne
522 1572 699 1644 talemne·
710 1578 759 1645 sic
775 1577 919 1645 accessit
936 1573 983 1644 ad
997 1571 1194 1669 voluptatis
1208 1571 1272 1642 de-

228 1682 327 1754 licias
342 1689 490 1758 rationis
505 1704 538 1758 et
552 1689 754 1786 prudentiae
770 1687 923 1760 fructus.

278 1801 370 1870 Fieri
390 1827 475 1900 ergo
496 1808 636 1901 potuit,
669 1822 711 1876 ut
733 1831 775 1875 ex
795 1797 908 1900 opaca
929 1807 1096 1900 priorum
1119 1817 1266 1872 aetatum

228 1913 382 2012 caligine
395 1943 529 1988 emersa
547 1923 663 2015 poesis
682 1923 888 2016 epica·tunc
905 1923 1062 2017 primam
1077 1914 1193 1987 facem
1208 1941 1271 1986 ac-

228 2028 399 2099 cenderit.
431 2033 524 2102 Nam
550 2033 639 2130 quid
661 2036 818 2120 mirum,
847 2036 875 2102 si
899 2031 1056 2102 heroum
1078 2028 1271 2114 laudibus,

227 2146 310 2214 vitae
322 2151 524 2243 praeceptis,
539 2173 711 2218 versuum
722 2146 973 2246 jucunditate,
989 2149 1150 2216 Deorum
1165 2148 1272 2213 inter-

227 2275 339 2329 ventu
354 2265 510 2332 miiitum
523 2279 556 2332 et
571 2280 810 2362 temperatum
826 2287 940 2360 opus,
957 2286 1000 2332 eo
1013 2277 1177 2356 tempore
1192 2283 1272 2328 coa·

227 2370 358 2444 lescere
366 2381 524 2473 coeperit,
534 2403 610 2475 quo
618 2382 776 2449 maxima
784 2376 1104 2472 fuisseacccpimus
1115 2371 1273 2443 heroum

227 2483 341 2576 facta;
381 2493 650 2588 integerrimam
677 2496 758 2562 vitae
785 2490 1025 2589 probitatem,
1063 2487 1271 2585 plurimum

228 2626 375 2698 poeseos
392 2603 595 2694 honorem,
620 2631 810 2676 summurn
825 2606 1087 2702 superstitionis
1102 2601 1273 2672 domina·

142 2765 143 2769 =
226 2714 326 2785 tum?
349 2719 468 2790 Immo
483 2724 512 2791 si
529 2723 706 2790 recentior
724 2719 801 2817 ejus
823 2722 926 2816 origo
946 2715 1039 2787 etad
1059 2731 1176 2785 aetates
1194 2713 1272 2784 illas

227 2835 442 2926 pertineret,
467 2834 601 2932 quibus
620 2836 808 2918 immutari
821 2831 899 2930 jam
921 2835 1045 2902 omnia
1060 2845 1094 2899 et
1114 2855 1135 2899 a
1154 2833 1272 2926 prisca

228 2944 454 3041 simplicitate
473 2946 614 3018 dellecti
632 2963 835 3045 coeperant,
857 2945 921 3017 illo
938 2945 1067 3044 grandi
1087 2949 1273 3014 vetustatis

229 3054 434 3130 charactere
450 3077 587 3130 careret
599 3059 769 3147 forsitan,
789 3075 949 3130 nectam
969 3061 1115 3128 sinceris
1135 3057 1275 3127 colori-

227 3169 296 3243 bus
318 3178 515 3271 conspicua
536 3172 707 3272 fulgeret,
735 3173 827 3244 dum
846 3188 972 3251 contra
990 3197 1032 3242 ex
1053 3161 1118 3240 illo
1142 3176 1276 3242 nativae

226 3291 450 3385 antiquitatis
467 3286 568 3358 fonte
584 3313 738 3384 egressa,
761 3312 842 3357 non*
856 3290 979 3356 minus
996 3283 1103 3354 illurn
1121 3288 1276 3382 originis

228 3427 303 3472 suae
313 3401 494 3473 honorem
505 3402 643 3490 retulit,
656 3427 768 3499 quam
780 3404 1012 3471 scaturientes
1024 3425 1065 3469 ex
1079 3396 1275 3495 sulphurei

230 3521 365 3586 montis
389 3517 584 3589 visceribus
610 3541 740 3615 aquae,
774 3513 859 3585 inde
886 3529 1077 3610 acceptum
1108 3511 1276 3582 colorem

230 3634 380 3726 vimque
394 3647 585 3728 cognatam
600 3636 767 3702 retinent.

166 3831 168 3836 Α
207 3726 247 3835 'd
289 3747 411 3814 Prima
435 3745 584 3841 quidem
611 3749 874 3842 experimenta,
905 3759 960 3828 et,
992 3756 1034 3810 ut
1056 3745 1105 3808 ita
1130 3736 1278 3828 dicam,

231 3861 341 3954 epicae
361 3883 474 3928 musae
495 3863 691 3956 tyrocinia,
714 3857 824 3954 digna
842 3854 1027 3926 oblivione
1046 3878 1112 3924 sua
1132 3852 1279 3951 jacent;

233 3971 339 4044 rudia
351 3989 385 4044 et
398 3972 583 4070 impolita,
604 3990 646 4044 ut
657 3977 809 4071 opinor,
830 3975 907 4042 sine
920 3974 1106 4056 instituto,
1122 3971 1203 4040 sine
1221 3995 1279 4040 or-
