2692 4594
248 329 311 400 238
579 319 962 386 COMMENTARIA

246 453 370 538 plumas
384 439 496 502 multas
501 460 510 512 3
526 436 599 497 nam
614 441 746 520 quisque
760 462 858 521 quum
876 464 940 503 rem
960 447 1121 523 enuntiat,
1141 469 1231 508 suam
1246 451 1293 509 ad·

246 543 294 602 dit
309 537 463 620 plumam,
480 527 595 598 faciens
613 543 766 608 quantum
781 533 815 590 in
830 554 861 592 se
880 547 943 610 est,
959 535 1143 596 celeriorem
1161 538 1291 598 famam:

246 627 313 712 pari
327 636 432 682 tenore
448 615 562 678 dantur
574 615 621 675 illi
637 632 684 676 tot
701 619 800 693 oculi,
816 620 949 701 linguae,
964 643 1036 698 ora,
1056 645 1159 688 aures.
1177 628 1291 686 Dicitur

244 717 358 790 habere
370 707 478 769 oculos
490 705 593 780 subter,
610 709 698 787 quia,
714 709 888 794 explicante
900 712 1020 790 Servio,
1036 735 1137 794 quum
1151 718 1221 798 ipsa
1232 738 1290 776 om·

242 810 298 870 nia
311 801 429 873 videat,
445 797 585 856 videatur
597 819 614 856 a
627 800 763 861 nemine.
776 801 881 876 Quare
897 814 999 868 autem
1011 802 1095 865 volut
1105 807 1213 867 noete?
1227 809 1291 886 quia

213 959 217 972 ι
243 913 361 976 semper
372 890 522 969 incipiens
531 889 626 955 Fama
636 888 767 952 obscura
778 889 909 971 est3jam
923 913 995 953 vero
1008 895 1124 956 clarior
1133 896 1217 960 facta
1230 910 1290 962 tum

241 981 444 1066 conquiescit,
456 977 526 1038 ideo
539 980 679 1060 sequitur
690 977 752 1042 luce
761 980 852 1042 sedet:
865 981 918 1042 sed
929 990 1006 1044 sedet
1015 985 1144 1066 quidem
1156 999 1192 1046 ut
1204 1000 1290 1048 eustos

240 1075 279 1138 ad
291 1065 514 1154 speculandum
529 1065 567 1125 de
581 1087 680 1142 novo,
698 1069 722 1129 si
742 1089 811 1148 quae
825 1070 885 1131 alia
901 1072 1077 1152 evulganda
1092 1096 1125 1134 se
1137 1075 1290 1137 offerant:

238 1165 322 1229 'sedet
331 1180 403 1222 vero
412 1159 445 1216 in
453 1152 643 1216 culminibus
651 1169 817 1234 tectorum,
827 1161 976 1235 turrium,
988 1161 1132 1238 urbium,
1143 1177 1291 1244 tanquam

238 1260 272 1317 in
287 1249 420 1335 specula.

282 1345 347 1404 188.
358 1341 411 1398 Est
421 1335 482 1395 hoc
492 1335 588 1395 veluti
598 1333 809 1417 epiphonema
819 1361 826 1395 ε
836 1335 934 1397 haeret
945 1341 1031 1400 enim
1043 1342 1141 1400 Fama
1150 1339 1218 1416 his,
1228 1359 1290 1420 qne

237 1431 332 1496 semel
346 1428 438 1500 dixit3
457 1446 554 1507 eaque
568 1423 693 1506 evulgat
707 1427 870 1502 tenaciter,
889 1426 986 1488 modo
1002 1427 1092 1503 ficta,
1111 1451 1229 1510 parva,
1244 1441 1292 1488 aut

238 1545 310 1586 vera
324 1522 396 1582 sint.

281 1615 345 1691 189.
360 1611 435 1668 Post
449 1603 633 1684 descriptam
645 1606 789 1680 Famam,
807 1606 966 1668 descendit
982 1607 1022 1668 ad
1040 1629 1200 1684 rumores,
1216 1628 1291 1688 quos

158 1761 163 1782 ,
237 1723 273 1762 ea
285 1700 323 1759 de
338 1695 463 1758 Didone
478 1703 508 1752 et
521 1692 617 1750 AEnea
631 1691 802 1775 dissipavit.
817 1694 1042 1777 Replehutvero
1053 1696 1291 1779 populassermo·

236 1812 273 1850 ne
289 1780 459 1864 multipiici,
478 1781 553 1860 quia
568 1779 785 1864 canebatfucta
800 1787 910 1864 pariter
924 1797 1010 1866 etque
1028 1786 1155 1868 infecta.-
1174 1799 1204 1844 et
1220 1807 1290 1866 pau·

235 1880 319 1948 deris,
338 1887 405 1933 tum
422 1871 497 1952 quia
515 1867 659 1930 homines
676 1876 763 1932 novis
782 1872 874 1934 rebus
892 1873 1103 1950 delectantur,
1132 1888 1202 1934 tum
1220 1876 1290 1954 quia

235 1979 326 2026 nacta
340 1959 477 2041 amplam
492 1971 522 2016 et
538 1957 680 2017 nobilem
698 1963 880 2038 materiam,
900 1983 996 2044 quam
1015 1963 1237 2022 disseminaret
1254 1961 1288 2022 de

234 2055 355 2136 magnis
369 2049 503 2130 regibus.
1025 2097 1026 2105 ,

277 2164 341 2225 ¹9¹·
358 2136 441 2217 Quid
458 2155 530 2195 vero
545 2133 746 2196 disseminat?
764 2140 885 2198 venisse
899 2139 1028 2202 AEneam
1044 2137 1221 2218 Trojanum
1235 2137 1287 2202 ho-

233 2238 366 2306 minem,
381 2229 431 2290 cui
449 2248 479 2286 se
496 2226 579 2286 Dido
594 2226 647 2287 dat
662 2228 696 2287 in
711 2227 904 2309 conjugium.
920 2230 1069 2290 Prteclare
1084 2241 1178 2310 poeta
1193 2228 1287 2308 vulgo

233 2324 377 2386 attribuit
391 2338 564 2392 rumorem,
582 2339 623 2376 ne
639 2319 678 2377 sit
694 2339 815 2390 necesse
828 2321 957 2380 Famam
975 2320 1086 2381 induci·
1107 2319 1287 2400 loquentem

232 2434 305 2474 cum
315 2404 519 2486 larha,·quod
531 2403 582 2464 hic
597 2421 672 2464 esset
685 2406 852 2487 frigidum,
866 2421 895 2468 et
906 2411 1048 2488 ineptum
1061 2431 1068 2466 :
1081 2407 1133 2467 sed
1148 2427 1244 2489 quam
1255 2404 1287 2463 li·

230 2503 341 2560 benter
350 2495 490 2574 vulgares
500 2508 601 2575 poetae
611 2508 771 2575 captarent
781 2495 863 2556 hanc
870 2498 1066 2558 occasionem
1076 2498 1083 2554 Ι
1094 2497 1215 2576 respuit
1225 2495 1285 2556 Ma-

231 2611 267 2649 ro
280 2606 395 2668 magno
405 2582 539 2664 judicio.
556 2583 703 2664 Expende
716 2588 893 2667 quaepiam':
907 2589 956 2648 cui
972 2588 1059 2668 quasi
1075 2587 1244 2667 peregrino
1258 2596 1285 2642 et

231 2679 366 2749 exotic03
379 2687 423 2734 est
434 2673 600 2756 emphasis.
612 2672 744 2734 Pulchra
752 2675 832 2736 Dido
844 2678 938 2736 etiam
950 2674 1141 2757 emphatice3
1154 2693 1286 2755 qnaepo-

230 2770 338 2830 tuisset
351 2765 448 2826 cuivis
466 2764 560 2822 etiam
575 2783 691 2844 magno
705 2764 852 2824 Afrorum
869 2765 1003 2846 principi
1020 2763 1146 2845 placere'
1158 2775 1284 2846 propter

229 2852 514 2940 pulchritudinem:
531 2850 578 2910 vel
590 2853 726 2911 ironice:
742 2873 816 2912 nam
832 2851 907 2932 quid
923 2851 1008 2912 aliud
1025 2851 1141 2912 faceret
1154 2848 1282 2932 pulchra

228 2943 366 3007 femina?
380 2944 445 3001 istae
456 2941 542 3000 enim
555 2959 635 3021 saepe
647 2940 786 3001 lascivae:
802 2940 938 3022 dipnetur
951 2941 1040 3022 quasi
1058 2943 1201 3022 superior
1210 2937 1282 2998 infe·

228 3038 303 3097 riori
316 3031 455 3118 :junpere
465 3052 494 3090 se
506 3051 566 3089 vox
581 3031 703 3110 signata
717 3030 756 3088 ad
771 3029 965 3112 conjugium.

271 3126 335 3206 1932
351 3124 519 3203 Hyemem,
531 3119 655 3178 dicebat
667 3119 768 3196 fama,
783 3121 858 3180 luxu
874 3120 997 3195 forent,
1012 3133 1044 3179 et
1056 3119 1178 3178 ducunt
1189 3115 1280 3195 turpi·

229 3231 276 3277 ter
291 3233 362 3275 cum
374 3210 552 3290 voluptate,
566 3229 659 3288 quam
672 3209 768 3291 longa
781 3223 826 3269 est
840 3208 950 3291 hyems
962 3211 1029 3289 ipsa
1041 3231 1048 3267 :
1061 3220 1193 3286 uterque
1205 3202 1280 3263 obli·
1329 3271 1330 3278 ἶ

228 3321 277 3367 tus
290 3302 394 3384 regni,
407 3299 488 3358 alter
501 3297 617 3373 Italici,
632 3298 711 3358 alter
723 3300 871 3359 Africani.
886 3299 1024 3358 Effectus
1036 3297 1184 3378 proprius
1196 3293 1279 3353 luxu·

228 3398 297 3469 riae,
313 3413 396 3473 quae,
410 3386 466 3449 nbi
479 3387 621 3447 animum
634 3387 767 3470 abripit,
781 3387 862 3450 nihil
874 3388 960 3450 aliud
973 3389 1050 3446 sinit
1062 3405 1171 3445 curare
1180 3386 1278 3463 impo-

228 3481 398 3542 tentissimo
414 3477 590 3536 dominatu.

272 3569 337 3647 ¹95·
353 3565 527 3649 ldeosoedu,
544 3567 618 3648 quia
631 3566 803 3627 foeditatem
815 3565 981 3648 spargebat
992 3586 1000 3639 ;
1013 3575 1044 3624 et
1056 3574 1100 3622 est
1112 3560 1212 3620 veluti
1222 3558 1278 3638 epi·
1329 3593 1330 3634 ,

227 3654 383 3736 phonema
397 3655 492 3713 totius
505 3656 650 3714 rumoris.
1329 3641 1330 3674 ἶ

267 3803 726 3872 195.Dea.Fumaeolimaraeettem·
772 3805 881 3870 scribit,
896 3822 951 3856 una
968 3821 1029 3854 cum
1044 3786 1163 3864 Pudore,
1179 3794 1276 3848 Miseri-
1329 3785 1330 3840 i

228 3884 281 3958 pla.
296 3886 480 3936 Pausaniasin
491 3886 585 3936 Atticis
599 3909 605 3936 :
621 3887 726 3952 Estsua
771 3885 999 3955 cordia,1mpetu.
1009 3878 1169 3932 Plutarchus
1181 3878 1271 3937 etiam,
1329 3941 1330 3948 ἵ

227 3962 299 4036 apud
311 3962 370 4016 illos
382 3963 495 4028 Pudori,
513 3965 612 4028 Famoe,
626 3963 728 4014 Alacri·
772 3963 806 4014 de
821 3965 932 4016 fortuna
943 3963 1143 4024 Romanorum,
1154 3955 1194 4006 illi
1207 3967 1275 4005 tem-.
1329 3951 1330 3988 i

228 4045 276 4095 tati
286 4063 341 4098 ura.
354 4045 468 4108 lterum,
482 4061 553 4094 aram
562 4042 601 4092 illi
612 4042 728 4106 dicat-am
771 4043 846 4112 plum
860 4044 978 4114 assignat
988 4057 1043 4090 una
1055 4055 1117 4090 eum
1126 4035 1232 4088 Omine.
