2670 4596
191 300 234 368 36
516 291 897 358 COMMENTARIA

192 437 277 497 sunt,
296 419 400 484 statim
416 431 562 498 surgunt,
581 418 685 477 statim
703 420 851 498 requirnnt
867 415 953 500 lonyo
969 439 1097 480 sermone
1110 423 1231 484 amusos

190 517 299 578 socios:
320 527 384 566 non
396 502 457 564 hoc
471 504 577 580 obvie,
595 505 650 564 sed
664 506 816 586 exquisite
829 504 948 564 dictum
960 529 966 565 :
980 527 1053 566 uam
1069 507 1155 590 lonqo
1167 513 1230 570 isto

190 617 319 678 sermone
338 594 443 654 innuit
462 591 571 673 longas
592 613 781 674 magnasque
802 592 1053 670 inclamationes,
1080 597 1176 656 studii
1199 610 1230 656 et

190 686 352 754 auxietatis
369 683 487 764 plenas.
506 683 667 762 Sequitur,
686 683 850 762 requirunt
870 685 1129 746 sociossermone
1148 685 1230 746 dubii

190 785 366 856 interspem,
385 783 414 830 et
424 783 550 829 metum:
570 789 664 849 quare
679 769 759 828 iuter
773 768 875 851 spem?
892 792 966 830 nam
980 770 1059 830 dubii
1073 785 1159 847 sunt,
1179 793 1230 832 seu

189 867 306 930 credunt
320 861 391 921 illos
405 860 514 918 vivere:
535 879 629 938 quare
643 859 726 916 inter
739 857 875 918 metum?
893 881 966 920 nam
980 859 1059 920 dubii
1073 874 1158 935 sunt,
1178 883 1229 920 seu

190 953 308 1016 credant
320 948 390 1007 illos
400 947 465 1028 pati
477 958 619 1018 exrema,
642 965 695 1003 nec
707 942 896 1027 vocatcsjom
908 947 1050 1008 exaudire.
1073 948 1231 1007 Sententia

189 1047 309 1120 integra
322 1047 384 1096 est:
399 1031 489 1091 dubii
502 1047 589 1107 sunt,
604 1052 644 1090 an
657 1030 785 1092 credant
800 1031 869 1092 illos
881 1034 998 1110 vivere,
1011 1033 1081 1094 ideo
1094 1055 1174 1116 spes3
1188 1055 1240 1094 an,

190 1128 319 1192 credant
332 1135 489 1195 mortuos,
509 1141 544 1180 ac
555 1135 720 1201 propterea
736 1119 806 1179 illos
822 1133 963 1194 vocatos,
978 1120 1044 1202 jam
1058 1143 1122 1182 nou
1138 1142 1229 1204 posse

189 1218 348 1289 exaudire,
361 1211 431 1270 ideo
445 1221 552 1269 metus.
572 1211 680 1290 Itaque
692 1229 764 1268 cum
776 1227 830 1288 spe
845 1210 1014 1286 timebant,
1032 1233 1103 1270 cum
1115 1214 1229 1272 timore

189 1305 364 1392 sperabant.
792 1357 794 1362 ,

227 1415 294 1454 220.
309 1392 397 1448 Latet
414 1385 465 1445 hic
482 1387 579 1444 ratio:
599 1381 730 1464 perinde
749 1403 783 1442 ac
803 1384 828 1442 si
850 1384 947 1459 dicat3
965 1388 1106 1467 praecipuo
1119 1389 1228 1446 AEneas

187 1485 288 1568 qemit,
302 1477 377 1558 quia
387 1475 465 1556 pitu,
482 1483 512 1531 et
522 1473 624 1552 pectit,
638 1471 755 1552 inquit,
764 1482 799 1530 ut
808 1471 870 1546 vir,
883 1487 919 1532 ut
931 1472 1036 1548 heros,
1046 1475 1152 1555 inquo
1162 1494 1228 1535 non

186 1569 321 1656 pueriles
333 1566 492 1644 lacrymae,
505 1559 556 1619 sed
569 1559 668 1618 virilis
678 1560 826 1640 gemitum
837 1561 998 1642 quid‘vero
1009 1561 1121 1643 gemit?
1130 1583 1231 1624 casum

189 1659 306 1728 Oronti,
326 1672 385 1734 pro
400 1649 542 1722 Orontis,
563 1660 599 1706 ut
613 1668 719 1728 supra,
735 1650 853 1708 immitis
865 1647 992 1724 Achilli,
1005 1671 1076 1731 pro,
1091 1649 1230 1711 Achillis.

187 1751 251 1810 Cur
264 1762 337 1804 vero
351 1739 435 1797 hunc
448 1733 559 1816 gemiti
579 1737 652 1815 quia
666 1757 692 1794 1s
705 1735 789 1796 bello
802 1757 881 1812 acor,
904 1751 934 1796 et
948 1749 1101 1799 strenuus.
1123 1737 1231 1796 Gemit

187 1838 282 1896 etiam
292 1849 391 1892 casum
401 1827 523 1904 Amyci:
534 1837 598 1882 erat
607 1821 657 1883 bic
666 1825 831 1904 bebrycius
842 1847 966 1906 genere,
977 1846 1085 1907 quem,
1096 1837 1131 1884 ut
1141 1824 1229 1900 alios,
1240 1875 1242 1884 .

188 1925 243 2006 qui
255 1915 381 1997 Trojani
396 1923 575 1984 nouerant,
591 1931 713 1970 summo
729 1911 863 1972 consilio
875 1913 966 1993 fingit
979 1923 1159 1992 tempestate
1173 1911 1229 1970 ab·

186 2022 326 2092 raptum,
336 2015 371 2062 ut
379 1999 506 2078 Trojani
518 2011 657 2072 tantum,
668 1996 707 2056 ad
718 2019 796 2079 quos
805 1998 869 2058 fata
878 1999 1088 2080 pertinebant,
1098 2017 1230 2078 regnum

188 2099 340 2176 erigerent
358 2092 392 2148 in
413 2085 512 2148 ltalia.
531 2089 666 2146 Demum
686 2089 781 2167 gemit
798 2091 869 2170 Lyci
879 2090 947 2171 fcta
966 2085 1107 2160 crudelia,
1126 2089 1227 2167 Gyan,

169 2241 174 2250 ,
188 2179 362 2245 Cloanthum
368 2200 379 2248 ‚·
399 2187 611 2255 apparentque
626 2175 657 2234 in
674 2175 777 2235 medio
789 2177 908 2256 gemitu
924 2175 1026 2256 elogia
1040 2176 1227 2250 amicorum,
1252 2193 1255 2196 ”

188 2291 257 2354 quae
270 2271 332 2328 sint
343 2284 401 2345 pro
415 2265 547 2324 ratione.
722 2333 724 2339 Ι

226 2357 293 2416 223.
305 2357 397 2412 Perat
406 2364 496 2431 poeta
507 2372 623 2411 novam
633 2351 872 2433 digressionem,
884 2373 953 2434 quae
964 2353 1022 2413 toti
1033 2355 1120 2434 operi
1130 2354 1240 2426 AEneiq

187 2445 243 2504 dos
254 2437 416 2512 conducit,
429 2451 463 2498 ut
474 2440 508 2498 in
522 2461 584 2520 qua
594 2439 693 2500 multa
704 2456 778 2502 suut
790 2440 942 2502 defutura
954 2443 1087 2503 Romani
1099 2442 1227 2521 Imperii

187 2569 270 2622 Caute
291 2567 319 2616 in
337 2565 479 2629 moestitia,¹
498 2565 564 2616 cibis
585 2567 685 2618 famem

189 2659 337 2718 exemptam
350 2643 431 2709 dicit,
444 2643 538 2708 idest,
550 2646 685 2716 fugatam,

186 2747 243 2781 non
257 2725 292 2778 ad
304 2722 468 2776 affluentiam
483 2725 628 2793 quaesitam.
636 2726 686 2776 Fa-

188 2828 230 2862 me
245 2819 271 2859 et
282 2801 438 2856 lassitudine
452 2821 611 2874 oppressos,
627 2803 686 2854 nul·
713 2830 715 2836 ·

187 2889 239 2940 lius
255 2902 318 2938 cura
336 2881 476 2952 tangebam
496 2884 602 2934 refectis
620 2900 684 2934 vero

188 2965 299 3019 venitin
312 2973 426 3012 mentem
438 2960 588 3012 recordatio
602 2963 687 3012 socio·

188 3064 264 3110 rum,
281 3059 394 3114 quorum
407 3058 488 3110 quum
501 3037 534 3090 de
548 3053 632 3092 morte
645 3041 687 3091 in·

188 3125 254 3178 certi
267 3131 366 3182 essent,
377 3131 452 3186 erant
463 3119 531 3168 inter
542 3136 617 3188 spem
628 3121 687 3170 vitae

190 3217 217 3257 et
239 3211 339 3253 metum
361 3199 462 3248 mortis.
489 3197 575 3248 AEueae
601 3211 688 3250 autem

190 3284 276 3351 major
290 3279 399 3350 ponitur
410 3277 509 3341 virtus,
527 3277 573 3345 qui
589 3295 638 3327 nec
653 3278 689 3327 ci-

191 3362 257 3414 bum
275 3357 402 3427 sumpsit,
419 3372 469 3406 nec
488 3353 654 3406 dissimulare
674 3373 689 3406 a

193 3439 272 3492 sociis
292 3435 403 3504 perditis
424 3452 515 3486 curam
538 3435 634 3504 potuit.
653 3463 688 3472 -

192 3520 338 3584 Menteque
369 3523 478 3566 remotae.
506 3513 556 3564 Per
585 3530 688 3564 mensas

192 3591 309 3648 Turneb.
325 3591 461 3656 XX1,22;
479 3583 582 3654 fercula
597 3605 623 3642 et
638 3591 687 3644 da·

141 3745 145 3749 ,
191 3692 240 3747 pes
250 3669 387 3740 iutelligit,
398 3688 455 3740 quse
465 3673 560 3722 saturis
570 3671 687 3722 convivis

191 3759 378 3804 removentur:
393 3759 418 3798 et
432 3760 517 3810 recte;
535 3769 597 3800 nam
608 3751 635 3800 in
648 3761 688 3800 to-

192 3833 227 3882 ris
240 3841 265 3881 et
276 3825 366 3878 herbis
378 3823 577 3878 discubuerunt.

230 3924 288 3974 2¹9·
301 3903 431 3955 Exaudire
443 3918 550 3958 vocatos.
563 3908 616 3957 Aut
628 3907 689 3958 sub·

196 3987 316 4065 audimus
326 3983 384 4035 deos
390 4021 399 4057 ,
410 3994 436 4034 et
446 3975 522 4053 quasi
532 3988 688 4054 conquestio

730 2581 782 2626 est,
790 2567 868 2638 ¹quod
878 2585 932 2618 non
940 2555 1082 2618 flectuntur
1091 2562 1224 2635 precibus.

728 2648 782 2698 Aut
797 2646 871 2718 quod
888 2646 935 2698 illi,
944 2647 1042 2698 mortui
1058 2645 1197 2694 sinerent
1211 2662 1228 2696 a

729 2726 904 2796 pereuntibus
916 2737 1042 2788 vocatos,
1054 2739 1109 2774 non
1122 2721 1230 2774 exaudi-

730 2824 766 2856 re.
777 2805 831 2856 Aut
842 2816 913 2856 certe
923 2803 975 2864 hoc
985 2802 1050 2854 dicit
1059 2824 1065 2852 ι
1079 2819 1132 2852 non
1142 2800 1229 2852 solum

730 2885 840 2955 periisse
853 2901 916 2948 eos,
934 2881 981 2934 sed
996 2901 1045 2934 nec
1065 2881 1228 2952 sepulturam

730 2962 845 3029 habere,
857 2962 986 3032 adquam
997 2973 1132 3012 vocentur.
1144 2960 1229 3010 Novi·

731 3061 790 3093 mus
798 3034 868 3094 enim
877 3040 949 3111 quod
957 3035 1230 3090 mortuorumumbrae

733 3121 768 3172 ad
780 3120 921 3192 sepulchra
934 3117 1114 3176 vocabantur3
1127 3127 1157 3165 ut
1171 3127 1229 3166 est:

736 3223 747 3246 e
757 3203 903 3269 Manesque
909 3197 1022 3248 vocabat
1027 3197 1186 3246 Hectoreum
1194 3194 1230 3246 ad

733 3279 897 3330 tumulum.»
915 3277 947 3326 Et
966 3287 1005 3326 est
1023 3273 1123 3346 ligura,
1145 3272 1230 3325 abeo

734 3357 807 3428 quod
818 3354 959 3428 praecedit,
972 3354 1000 3404 id
1011 3354 1082 3424 quod
1095 3356 1229 3424 sequitur,

734 3441 795 3509 quia
811 3450 872 3508 post
887 3437 959 3488 facta
978 3435 1120 3506 sepulchra
1135 3437 1229 3488 Manes

732 3530 868 3569 vocantur.
882 3517 951 3570 Serv.

767 3598 826 3650 223.
844 3597 997 3668 Despiciens.
1012 3596 1141 3646 Deorsum
1159 3596 1229 3664 aspi·

732 3677 818 3744 ciens,
829 3677 897 3728 sicut
908 3675 1056 3746 suspiciens,
1072 3690 1175 3724 sursum
1191 3691 1229 3724 as·

731 3757 842 3826 piciens.
859 3784 892 3793 -
913 3752 1067 3810 Velivolum.
1091 3750 1163 3800 Duas
1186 3769 1229 3804 res

733 3835 878 3906 significat,
896 3847 922 3885 et
937 3829 1009 3904 quod
1025 3828 1089 3880 velis
1103 3827 1229 3896 volatur,

733 3927 763 3964 ut
774 3913 895 3966 hocloco
907 3936 917 3959 a
929 3935 935 3962 ι
946 3923 972 3962 et
982 3907 1052 3979 quod
1063 3907 1128 3959 velis
1140 3907 1228 3975 volat,
1239 3928 1245 3946 ι

733 4005 763 4046 ut
772 3993 883 4046 Ennius:
897 3991 1001 4042 uNavea
1009 3985 1134 4038 velivolas
1145 4009 1172 4052 e,
1182 3987 1229 4058 qui
