2676 4602
316 301 368 370 tn
390 301 626 374 nnntnos
650 307 742 402 nrt.
767 304 830 374 rt.
1025 303 1095 407 't7tt

41 431 125 511 quia
134 426 191 488 bic
202 427 290 490 celer
303 431 336 488 in
347 430 450 512 prima
462 449 591 506 aurora,
606 441 636 490 et
647 452 730 492 novo
742 433 876 508 lumine;
888 431 1092 518 oequodsoelis,

40 532 103 580 aut
118 517 251 580 Feliciter
265 518 384 601 plenis,
397 533 451 579 aut
461 521 586 601 paribus
601 523 743 582 omniurn
755 524 987 586 naviutnvelis.¹

84 609 167 670 58&
184 611 287 690 thue
306 609 400 669 sensit
413 609 505 668 litora
527 629 634 686 vacua,
654 623 684 670 et
702 626 809 692 portus
827 633 939 673 vacuos
958 618 1024 676 sine
1042 639 1091 678 re·-
1183 604 1190 611 ¹

39 697 150 776 arrige,
161 695 293 758 libenter
300 696 458 756 retulerim
465 694 530 756 haec
537 697 574 756 ad
582 718 705 757 sensum
717 701 854 758 aurium-z
866 702 994 783 incoepit
1006 706 1092 764 enim

40 782 145 842 dolor
160 803 178 842 a
191 804 281 843 sensu
296 783 604 864 oculorum,=quibus
615 784 693 843 vidit
707 785 852 846 abeuntes
866 786 1034 868 Trojanos3
1047 797 1101 852 rei

40 868 177 930 eruduit
191 871 230 930 ab
246 871 342 931 altero
356 871 495 947 aurium,
510 891 580 952 quae
594 871 741 930 carebant
755 885 831 932 uoto
841 887 873 932 et
885 888 973 955 grato
986 890 1096 938 nauta·

41 978 122 1016 rum
136 959 277 1039 strepitu.
1118 1027 1119 1030 Ἴ

45 1101 47 1104 .
85 1046 162 1126 589.
174 1047 220 1106 Ad
232 1045 292 1108 hoc
303 1045 515 1128 spectaculum
527 1057 698 1128 sequuntur
711 1046 827 1108 doloris
838 1060 921 1108 notae
935 1049 1018 1125 duae3
1030 1073 1098 1133 per·

41 1134 154 1192 cassio
164 1130 276 1207 'crebra
287 1135 433 1216 pectoris,
446 1146 476 1194 et
490 1155 649 1194 comarum
662 1134 812 1195 revulsio:
829 1134 884 1196 has
895 1149 985 1197 notas
999 1143 1099 1220 sequi-

39 1234 102 1283 tur
110 1224 216 1283 oratio
224 1226 312 1284 omni
321 1225 574 1306 interpretatione
581 1225 730 1306 superior,
739 1224 830 1306 plena
838 1227 1100 1289 contumeliarum

41 1317 81 1375 in
93 1315 239 1390 AEneam,
250 1313 459 1394 querelarum,
470 1313 626 1387 amentiae,
639 1313 1005 1394 furoris,indignationis.
1017 1317 1100 1400 Ergo

41 1405 188 1484 abrupte
201 1404 325 1484 incipit,
340 1403 502 1478 concitate,
518 1403 718 1478 truculenter,
732 1424 819 1464 saeve.
832 1405 942 1464 lovem
955 1405 1103 1468 advocet?

42 1513 89 1552 an
110 1491 307 1550 obtestetur?
320 1511 361 1550 an
381 1489 547 1550 exclamet?
564 1505 610 1550 an*
622 1490 776 1573 increpet?
789 1492 905 1550 nescias
918 1514 925 1551 ε
940 1495 984 1553 ita
1002 1493 1102 1554 multa

40 1583 152 1642 latent
165 1600 252 1641 sensa
265 1581 362 1640 animi
376 1603 382 1638 ε
394 1580 465 1640 ideo
475 1601 548 1641 vero
561 1579 600 1640 ad
612 1581 703 1641 illurn
715 1601 822 1641 vocem
837 1580 957 1661 dirigit,
969 1584 1103 1644 abeunte

42 1670 155 1732 infido
171 1667 308 1752 bospite,
329 1669 368 1729 ad
383 1689 475 1750 quern
493 1670 644 1730 direxerat
657 1669 775 1730 eodeni
787 1672 929 1730 veniente
947 1674 979 1751 in
997 1675 1101 1754 primo

41 1757 176 1820 AEneid.
195 1758 344 1838 Juppiter,
364 1753 523 1836 hospitibus
536 1779 607 1815 nam
625 1771 649 1816 te
665 1756 734 1815 dare
737 1751 810 1839 jura
827 1755 991 1838 loquuntur.
1001 1761 1104 1820 Verba

42 1849 180 1929 reliqua
193 1845 288 1926 plena
299 1856 372 1904 sunt
385 1848 523 1924 ippaetat.
538 1847 597 1912 Hic
602 1889 619 1923 ,Ι
627 1845 810 1920 vilissimus,
823 1845 1033 1926 ridiculusque
1045 1852 1105 1909 im-

43 1947 188 2019 postor:
202 1929 316 1998 moena
327 1951 400 1990 cum
418 1941 616 2012 contemptu,
636 1930 721 1990 unde
735 1931 917 1992 recrudescit
929 1933 1104 2015 indignatio

46 2031 193 2102 acceptae
206 2016 341 2099 injuriae;
353 2031 383 2078 et
394 2031 439 2078 est
457 2018 544 2099 quasi
559 2015 744 2077 antitheturn
756 2018 869 2078 αάυεηα
880 2024 984 2079 uostris
995 2025 1105 2103 repitit.-

46 2129 136 2170 nam
146 2106 329 2189 peregrinus
343 2117 373 2164 et
386 2106 449 2164 Rex
464 2125 565 2186 prope
576 2099 737 2164 ¹contraria
751 2118 833 2164 sunt.

90 2198 169 2274 592.
185 2193 246 2268 Qui
260 2191 440 2273 expedient?
451 2194 505 2273 qui
520 2189 709 2272 sequentur?
722 2193 821 2250 Nemo
836 2189 889 2250 hic
901 2196 963 2272 agit
974 2195 1107 2274 signate,

45 2284 170 2347 omnia
183 2280 301 2340 scilicet
314 2279 420 2338 furore
433 2277 651 2360 perturbante:
666 2288 788 2335 tantum
801 2275 913 2337 ultioni
923 2282 1041 2341 intenta
1052 2282 1108 2343 fce-

45 2377 163 2444 mina,
175 2372 228 2448 qui
240 2367 345 2428 ulcisci
358 2359 505 2442 debeant,
521 2384 588 2425 non
599 2363 757 2424 nominat:
771 2362 906 2445 diripere
917 2378 994 2426 rates
1007 2389 1042 2427 ex
1051 2391 1107 2429 na.

44 2459 200 2532 valibns,
216 2470 275 2531 est,
297 2454 447 2516 deducere
461 2475 499 2515 ex
520 2452 682 2514 navalibus
702 2467 835 2514 armatas
854 2475 947 2516 naves
969 2457 1007 2517 ad
1027 2462 1106 2520 inse·

48 2547 226 2634 quendum
240 2545 375 2620 hostem3
397 2565 506 2605 verum
526 2566 591 2605 non
605 2545 677 2604 sinit
695 2542 784 2604 furor
807 2565 873 2604 reus
894 2546 993 2606 dicere
1012 2549 1105 2610 solito

46 2637 174 2709 verbo,
189 2632 242 2694 sed
254 2635 368 2716 raptim
389 2635 515 2695 omnia:
538 2634 588 2691 vix
608 2635 713 2692 animo
735 2632 923 2711 cogitaverat
941 2632 1113 2712 ultionem,

48 2745 163 2812 quum
177 2726 279 2784 statim
292 2723 358 2782 vult
369 2743 434 2782 rem
449 2723 550 2802 sequi:
564 2720 676 2782 Aderat
693 2739 804 2794 nemo,
825 2731 855 2778 et
867 2731 1017 2799 tanquam
1038 2743 1110 2781 cnm

46 2811 268 2898 praesentibus
282 2809 430 2892 loquitur,
446 2830 570 2870 sensum
582 2828 707 2868 ornnem
720 2806 891 2886 abripiente
904 2805 1022 2866 dolore.
1031 2809 1108 2867 Tro-

47 2905 127 2988 jani
149 2901 228 2962 velis
248 2903 402 2984 remisque
418 2900 628 2980 navigabant:
648 2901 690 2958 sic
701 2895 784 2956 Dido
797 2896 864 2955 vela
877 2895 945 2956 vult
965 2895 1050 2971 dari,
1061 2917 1109 2956 re·

92 3053 166 3125 590.
177 3051 248 3102 Prot»
255 3052 372 3124 Jupiter,
383 3064 433 3104 etc.
445 3050 568 3121 Erumpit
613 3051 649 3102 cit
664 3071 670 3100 :
688 3061 744 3101 tum
760 3047 831 3100 enirn
848 3046 905 3099 sola
923 3045 1113 3116 loquebature

51 3143 84 3192 in
104 3137 184 3187 hanc
201 3133 350 3184 orationem
363 3133 469 3204 Reginae
484 3133 567 3182 furor.
614 3129 737 3200 speculis.
749 3123 1113 3198 lV.Exprobrationemfictae

52 3214 255 3290 Imptecatotia
269 3225 323 3276 θεῖς
335 3212 471 3284 habetque
480 3224 570 3282 partes
614 3211 702 3262 AEnete
720 3209 845 3280 pietatis,
864 3209 893 3258 in
911 3207 997 3270 Deos,
1018 3205 1046 3255 in
1064 3206 1115 3256 Pa·

54 3310 174 3370 septem
186 3315 192 3344 z
208 3293 228 3344 Ι.
238 3289 464 3356 Exclamatienem
473 3292 572 3360 abrup-
617 3301 691 3341 trem.
703 3289 736 3338 V.
744 3287 871 3339 Dolorem
879 3285 981 3336 amissae
989 3282 1113 3348 ultionis;

55 3396 139 3440 tam,
159 3390 215 3443 qua
232 3372 325 3423 lovem
343 3371 477 3442 appellat,
497 3371 574 3440 quasi
619 3387 699 3440 quarn
716 3369 744 3418 in
762 3367 889 3430 AEneatn,
905 3365 1016 3433 ejusque
1033 3361 1116 3422 filiunt

55 3454 166 3510 violati
183 3451 294 3522 hospitii
310 3450 443 3506 ,vindicem
458 3472 464 3500 ι
482 3467 575 3520 quern-
618 3458 645 3498 et
656 3457 777 3517 gentem,
787 3461 908 3497 exercere
917 3443 1055 3513 potuisset.
1068 3434 1114 3498 Vl.

59 3529 221 3589 admodum
239 3531 267 3580 in
284 3529 440 3600 excipiendo
459 3529 575 3599 primum
618 3525 831 3578 Obtestationem
847 3521 981 3586 Deorum,
999 3533 1054 3572 tam
1073 3540 1116 3574 su·

58 3612 182 3682 hospite
195 3627 256 3660 enm
266 3607 461 3680 appellaverat,
477 3608 535 3658 AEn.
549 3608 575 3671 1,
618 3623 760 3679 perorum,
771 3621 851 3674 quam
858 3598 1005 3655 inferorum
1010 3623 1017 3664 ;
1026 3615 1055 3655 ut
1065 3604 1118 3656 sibi

60 3693 133 3765 735.
148 3689 183 3740 11.
198 3689 276 3740 Jusse
288 3705 382 3758 aspera
392 3699 419 3738 et
428 3687 574 3750 concitata,
622 3685 714 3740 adesse
729 3683 829 3734 ultores
843 3682 933 3734 velint.
953 3683 1009 3732 VII.
1025 3684 1119 3735 Diram

62 3771 176 3845 quibus
189 3765 420 3838 Carthaginienses
433 3765 577 3836 infugaces
622 3764 858 3835 imprecationem,¹
872 3773 926 3814 tarn
944 3762 971 3812 in
994 3762 1119 3829 AEnearn,
1191 3797 1195 3806 ‹

63 3852 211 3920 Trojanos
229 3858 385 3900 commovet.
407 3846 451 3896 111.
471 3844 580 3896 Correo·
624 3843 806 3914 quaminejus
816 3852 947 3910 posteros,
956 3857 1013 3910 qnae
1023 3855 1121 3893 eterna

66 3935 180 3984 tionem
196 3928 316 3980 amentiae
332 3945 400 3993 sue,
420 3941 515 3996 quase
535 3922 581 3974 ab·
621 3919 885 3992 Carthaginiensibus
895 3919 1119 3984 etltalisinterse

70 4005 202 4064 sentibus
224 4005 305 4059 stulta
322 4007 452 4078 imperare
469 4019 582 4076 cognos·
625 4000 688 4058 odia
699 4001 843 4072 portendit.

148 4093 176 4146 6,
711 4119 714 4124 -
899 4071 961 4138 ab
1015 4083 1024 4102 ⁶
