2676 4602
235 293 300 382 314
560 291 941 358 constructura

232 434 264 482 et
275 420 396 482 Daretis
406 416 499 480 saluti
511 414 663 488 consulit,
682 412 752 473 ideo
766 411 897 472 affectu:
913 423 944 474 et
954 413 1120 477 Entellum
1133 417 1278 498 cohibet,

144 499 147 506 ’
234 505 319 588 quod
334 507 368 566 in
385 519 473 566 tanto
490 505 543 564 irre
556 501 677 578 feruore
691 521 785 562 nemo
798 500 928 562 fortasse
941 499 1038 576 alius3
1054 503 1130 564 ideo
1148 511 1274 568 auctori·

233 607 304 654 tate.
322 593 400 654 Vide
416 592 562 654 affectum
576 593 610 652 in
627 590 705 666 illis,
723 611 785 652 non
796 610 896 670 panus
910 592 967 650 irus
981 588 1100 672 lonqias
1111 597 1272 676 procedere,
1318 671 1319 674 Ἴ

233 702 294 742 non
305 703 404 763 passus
415 679 566 744 Entellum
580 681 676 740 servire
690 681 805 738 animis.
823 677 901 738 Vide
914 681 1139 742 auctoritatem
1155 686 1191 743 in
1204 683 1272 758 illis,
1318 689 1319 712 ³

235 771 371 850 imposuit
371 771 467 852 finem
477 791 583 852 puqnoe
589 815 599 844 ,
614 769 834 850 eripuitsestum
844 769 962 828 Darem.
976 769 1025 828 Sic
1037 769 1120 830 solet
1131 771 1187 832 hic
1198 775 1272 854 inge

233 857 360 916 nicrum
374 877 451 938 apex
465 858 553 918 Maro
569 855 759 936 conjungere
775 875 840 928 res,
861 874 930 933 que
945 855 1095 916 videntur
1106 861 1217 920 minus
1230 881 1274 920 co·

232 957 350 1023 gnatae:
361 942 412 1004 hic
421 945 504 1004 enim
513 965 584 1006 cum
595 943 711 1006 affectu
718 943 940 1002 misericordie
951 963 1067 1024 inagna
1074 949 1274 1030 estprincipis

234 1035 418 1109 auctoritas,
433 1048 464 1094 ct
476 1047 607 1114 utraque
620 1045 758 1113 reputer.

273 1119 342 1196 465.
356 1120 488 1197 Eadem,
498 1143 568 1202 quoe
577 1141 661 1182 nunc
671 1117 831 1192 dicebam,
841 1116 892 1187 hic
902 1118 996 1178 etiarn
1007 1118 1145 1180 elucent.
1156 1121 1274 1204 Irfilix,

235 1209 296 1272 hoc
309 1209 468 1288 dolenter,
489 1225 519 1270 et
536 1233 607 1272 cum
625 1210 757 1284 affectu,
778 1221 872 1289 atque
886 1209 1018 1268 omnino
1030 1213 1198 1277 amaror:
1219 1231 1275 1292 qua

236 1313 318 1362 tauto
335 1304 467 1363 animum
486 1300 631 1362 dementia
648 1301 742 1381 oepit?
763 1297 823 1358 hoc
837 1317 910 1358 cum
927 1317 1050 1356 summa
1072 1300 1275 1377 anctoritate:

235 1410 321 1450 neca
335 1402 366 1450 te
378 1393 476 1466 vires,
490 1411 545 1450 nec
556 1391 609 1449 Dii
623 1401 713 1450 suut:
728 1409 791 1447 non
804 1389 890 1447 sentis
902 1389 974 1447 siret
985 1385 1081 1460 alian
1096 1387 1170 1448 ideo
1187 1402 1222 1448 tu
1235 1390 1276 1446 in·
1319 1402 1320 1488 1

236 1476 327 1536 felix:
342 1498 409 1538 non
419 1499 556 1540 conversa
564 1480 704 1550 numina3
715 1477 787 1536 ideo
799 1488 833 1535 tu
845 1474 989 1535 demens:
1004 1473 1082 1535 cede
1093 1477 1162 1534 Deo
1176 1488 1208 1536 te
1218 1496 1276 1534 nou
1319 1489 1320 1520 t

233 1566 372 1644 juvanti,
387 1570 462 1648 quia
470 1569 605 1645 dixerat,
615 1587 766 1636 conversa
779 1566 926 1627 Numina.
941 1566 1003 1641 Qui
1015 1563 1069 1624 hic
1081 1585 1142 1646 pro
1154 1566 1222 1624 Deo
1233 1585 1276 1625 ca·

186 1648 189 1662 '
235 1655 328 1735 piunt
341 1657 512 1730 rationem,
527 1657 633 1716 nescio
646 1676 688 1715 an
700 1654 739 1714 ad
754 1675 828 1714 rem.
841 1654 1003 1733 Sequitur,
1016 1652 1162 1734 dixitque,
1174 1666 1204 1712 et
1212 1673 1278 1734 pro

238 1739 278 1800 lia
294 1763 362 1803 voce
377 1731 506 1818 diremit,
527 1743 559 1802 id
574 1758 635 1818 ast,
650 1745 806 1823 dixitque,
825 1756 857 1802 et
869 1741 1004 1802 dicendo
1021 1740 1275 1823 praeliantium
1319 1721 1320 1808 1

237 1830 336 1890 Tanta
350 1845 415 1890 erat
426 1830 557 1891 dicentis
569 1833 753 1892 auctoritas!

275 1911 344 1990 468.
364 1918 443 1979 Vide
461 1935 497 1980 ut
514 1920 650 1980 lacerum
669 1920 830 1980 hominem
850 1921 973 2001 egregie
991 1919 1122 2000 pingat:
1143 1929 1178 1977 tu
1199 1917 1277 1978 solut

237 2019 326 2086 poeta
339 2008 444 2070 Maro!
460 2024 495 2070 ut
508 2031 600 2072 nemo
613 2025 724 2092 praeter
736 2023 783 2085 te,
805 2011 829 2069 ti
846 2021 947 2069 tecum
962 2006 1072 2068 saltem
1090 2006 1277 2066 conferatur.

236 2097 314 2173 Quae
331 2097 397 2158 haec
408 2099 574 2160 admiratio
586 2113 676 2181 roget
691 2098 824 2181 aliquis?
841 2119 948 2158 nonne
964 2096 1065 2169 vides,
1087 2096 1206 2172 lector,
1223 2093 1278 2154 sibi

236 2183 321 2250 hunc
329 2190 431 2248 virum
438 2191 517 2250 mire
525 2188 790 2250 consentientem?
799 2187 1091 2270 Entellisuperion's
1099 2188 1279 2266 iras,quum

237 2277 343 2339 dextra
363 2279 549 2362 sinistraque
567 2281 647 2340 ictus
662 2276 894 2360 ingeminabat3
911 2299 1027 2360 quum,
1044 2278 1146 2336 instar
1157 2273 1278 2357 grandi·

236 2366 304 2440 nis,
323 2365 470 2428 saeviebat
487 2367 588 2428 densis
606 2367 736 2442 ictibus3
758 2387 855 2448 quum
871 2367 985 2426 Dareta
998 2364 1144 2424 ardenter
1157 2363 1280 2444 agebat,

236 2452 397 2534 pulsabat,
415 2453 573 2533 versabat,
587 2457 820 2538 praecipitabat:
843 2454 918 2530 has,
940 2457 1091 2537 inquam,
1112 2471 1210 2512 saevas
1226 2451 1279 2510 iras

237 2561 343 2601 nonne
353 2545 439 2624 sequi
450 2542 585 2606 debebat
594 2545 661 2606 haec
671 2545 853 2605 carnificina
860 2544 873 2602 ’1
880 2543 990 2604 Trahit
1000 2543 1194 2602 miserrimus
1205 2559 1280 2620 εὸτι

238 2651 356 2712 genua,
367 2631 481 2714 quibus
490 2635 585 2717 paulo
596 2650 668 2696 ante
677 2635 800 2696 volebat
808 2659 816 2710 ;
825 2633 922 2716 jactat
930 2647 1025 2715 caput
1035 2645 1187 2713 utroque,
1199 2627 1279 2712 quod

237 2719 334 2802 paulo
346 2738 418 2782 ante
429 2725 463 2784 in
475 2725 586 2786 caelum
597 2724 729 2785 tollebat
742 2723 910 2808 superbus:
931 2721 1042 2804 ejectat
1053 2741 1200 2782 cruorem
1214 2739 1279 2793 ore,

237 2823 270 2869 et
280 2814 667 2875 unacumcruoredentes.
682 2814 739 2873 Sed
750 2811 889 2895 expende
898 2811 1001 2872 adbuc
1009 2810 1070 2870 alia
1084 2831 1091 2868 t
1104 2812 1179 2891 quia
1188 2825 1279 2889 oque·
1320 2819 1321 2838 ¹

239 2896 292 2972 tes,
304 2897 454 2980 ideofidi:
469 2904 608 2984 namqui
622 2902 681 2962 tibi
695 2900 767 2976 fidi,
781 2903 840 2961 nisi
853 2902 907 2980 qui
920 2919 983 2960 ana
994 2912 1098 2959 tecum
1112 2896 1240 2967 nutriti,
1252 2905 1279 2952 et

239 2983 325 3044 aliti?
336 3002 411 3046 nota
423 2990 516 3050 etiarn
527 3012 674 3065 acumen,
687 2989 799 3050 ducunt
810 2986 968 3050 trahemno
978 3005 1092 3068 qenua:
1108 2983 1137 3041 io
1149 2983 1232 3040 enim
1243 2980 1277 3039 ab

240 3071 309 3134 aliis
320 3073 463 3151 ducitur,
478 3081 531 3158 qui
546 3081 654 3159 seipse
666 3080 718 3138 vix
730 3077 835 3139 trahit.
851 3080 906 3138 Est
917 3079 1011 3138 etiarn
1024 3072 1227 3154 elegantiora
1240 3067 1279 3127 al·

238 3161 359 3224 finitate
371 3185 501 3238 vocum,
514 3165 612 3246 jactat
622 3182 731 3249 caput,
751 3182 780 3230 et
795 3166 901 3249 ejectat
916 3185 1069 3229 cruorem.
1085 3163 1163 3224 ldeo
1175 3161 1278 3232 wenti,

239 3252 284 3311 ait
298 3253 476 3313 Macrobius
490 3253 545 3314 lib.
560 3258 612 3330 IV,
632 3278 700 3339 cap.
719 3279 750 3334 r,
766 3259 849 3340 quasi
863 3276 924 3316 non
939 3268 1038 3338 sponte
1051 3253 1123 3313 socii
1139 3247 1281 3331 eoeepturt'
1320 3295 1321 3300 κ

239 3359 362 3413 munus,
374 3339 668 3420 quoderatdumnum
681 3344 875 3417 vereamur,
887 3357 916 3404 et
927 3345 1078 3424 accipiunt
1084 3358 1143 3420 pro
1154 3340 1279 3408 Dareta,
1320 3309 1321 3398 1

240 3427 313 3503 quia
322 3424 373 3486 hic
382 3447 448 3486 non
457 3429 503 3487 sui
512 3450 640 3514 compos
648 3455 712 3515 proe
722 3433 919 3508 vulneribus3
930 3430 1005 3514 quid
1017 3447 1093 3490 vero
1103 3421 1280 3506 accipiunt?

239 3533 334 3570 ensem
342 3512 529 3596 quicumque:
540 3520 673 3582 advertit
682 3525 765 3581 enim
777 3523 879 3582 Julius
888 3521 1023 3601 Scaliger
1032 3517 1088 3577 lib.
1100 3518 1160 3590 Ill,
1172 3515 1278 3596 poetic.

241 3618 306 3678 cap.
324 3619 376 3672 ¹2,
390 3602 505 3664 victum
516 3607 628 3668 Dareta
640 3611 847 3671 luculentiore
858 3624 985 3670 auctum
998 3607 1102 3680 dono,
1118 3623 1216 3688 qaam
1228 3603 1280 3660 vic·

240 3696 339 3745 torem
354 3688 528 3771 Entellum3
546 3709 582 3757 ut
596 3701 777 3760 ostendatur
793 3703 893 3760 virtus
910 3698 969 3758 sibi
986 3697 1043 3780 ipsi
1057 3707 1088 3756 et
1101 3695 1280 3776 praemium,

275 3837 448 3914 465Jnfelix.
458 3846 611 3901 Consolatio
622 3863 736 3911 actm·
780 3852 872 3904 -Eat
890 3863 979 3904 nutet!
994 3848 1098 3919 opens
1117 3843 1279 3904 madan,
1320 3805 1321 3816 ¹

242 3915 276 3970 de
287 3937 343 3970 non
355 3919 420 3973 dicit
435 3925 564 3992 imbellis,
577 3939 607 3978 ut
623 3928 737 3980 fortune
782 3951 863 4004 quum
879 3930 1003 3984 ostendat
1019 3943 1075 3980 uon
1089 3927 1167 3979 illum
1185 3923 1222 3979 al)
1237 3923 1279 3975 lit·
1320 3917 1321 3982 1

241 3997 426 4056 videaturaut·
436 4005 509 4078 quod
515 4009 600 4060 rictus
610 4021 659 4060 est.
667 4011 737 4061 Serv.
782 4014 869 4078 mine,
881 4010 954 4066 teda
968 4011 1078 4063 amine
1091 4005 1173 4060 viaet
1186 4003 1277 4060 aaut·
