2676 4602
242 327 305 415 276
568 315 948 384 COMMENTARIA

241 447 430 532 precationes
444 453 542 502 morte
553 463 634 506 meu.¹
643 445 705 503 Vos
717 461 790 501 vero
798 487 808 516 ,
823 462 842 501 o
853 443 938 524 Tyrii
948 441 1023 517 mei,
1042 451 1182 502 exercete
1195 443 1283 522 perti·

239 536 402 598 nacissime
411 533 482 594 odia
490 535 525 592 in
533 531 614 594 hanc
623 545 761 614 gentem,
772 534 807 591 in
817 553 924 592 omnes
933 543 1082 614 posteros.
1090 535 1135 592 Ut
1144 553 1221 592 vero
1232 533 1278 590 alii

240 622 280 683 ed
295 621 466 695 tumulum,
481 633 577 696 serta,
594 630 773 700 unguenta,
788 631 818 679 et
836 617 926 680 flores
941 617 1097 694 afferunt,
1117 621 1281 679 existimate

239 709 322 771 nihii
332 709 400 770 fore
414 711 529 792 gratius
541 729 610 770 meo
625 710 719 769 cineri
728 706 776 768 his
789 707 877 769 odiis.
889 707 999 770 Nullus
1009 710 1048 769 sit
1063 729 1156 769 amor
1165 711 1281 790 utrique

240 798 375 884 populo;
387 799 474 858 nulla
482 798 613 870 foedera3
627 799 764 872 utinam,
776 817 812 856 cx
822 799 898 857 meis
909 797 1026 858 ossibus
1036 802 1159 858 oriatur
1168 798 1283 879 aliquis,

241 890 295 972 qui
305 885 456 968 Trojanos
467 887 550 949 ferro
563 888 691 968 ignique
703 898 913 968 persequatur,
923 885 1018 967 idque
1027 889 1194 968 contingat
1203 887 1283 946 nulla

240 976 389 1057 temporis
403 975 640 1034 intermissione.
660 974 726 1034 Sint
744 985 848 1033 nostra
867 972 958 1033 litora
978 975 1140 1034 contraria
1161 973 1285 1032 iliorum

239 1065 398 1137 litoribus;
417 1064 546 1126 iliorum
563 1062 658 1124 undae
678 1063 790 1122 nostris
812 1062 971 1135 fluctibus3
991 1083 1080 1123 arma
1094 1065 1211 1124 armis:
1230 1062 1285 1121 dis·

242 1151 357 1214 cordiae
371 1152 437 1210 istae
451 1149 564 1210 durent
577 1153 610 1209 in
622 1167 749 1210 omnem
760 1149 985 1228 posteritatem.

281 1238 350 1300 630.
364 1237 556 1318 Exprimitur
569 1234 672 1292 vivide
683 1246 776 1292 aestus
788 1253 947 1308 curarum,
963 1254 1038 1315 qum
1047 1254 1146 1314 quum
1158 1235 1247 1295 iilam
1256 1239 1285 1294 in

239 1347 369 1390 omnem
384 1337 505 1408 partem
516 1333 675 1406 raperent,
687 1320 813 1382 demum
829 1322 1028 1403 quiescebant
1043 1323 1078 1382 in
1093 1323 1283 1406 imponendo

241 1418 313 1479 vitae
327 1415 419 1475 exitu.
1119 1453 1121 1458 ·

281 1504 350 1568 632.
361 1504 421 1564 Dat
432 1501 580 1562 mandata
589 1501 762 1562 ad‚Barcem
771 1498 878 1560 Sicboei
890 1499 1058 1575 nutricem3
1070 1521 1147 1560 nom
1160 1521 1217 1560 sua
1224 1498 1285 1580 jam

242 1593 362 1656 obierat
374 1593 408 1651 in
419 1591 496 1652 urbe
506 1592 588 1672 Tyro
600 1613 607 1648 ι
617 1588 706 1670 jubet
716 1611 805 1664 vero,
816 1601 851 1649 ut
863 1609 1002 1649 sororem
1012 1602 1157 1666 accersat,
1171 1610 1239 1670 quae
1248 1609 1286 1648 se·

241 1702 313 1749 cum
327 1679 438 1741 afferat
450 1699 578 1761 aquam,
598 1691 628 1738 et
641 1676 722 1739 hanc
741 1680 859 1760 signate
878 1677 1050 1752 fiuvialem,
1066 1692 1097 1739 et
1116 1682 1236 1760 signate
1250 1677 1285 1738 ad

242 1769 467 1854 spargendum
480 1782 647 1849 utrumque
657 1789 673 1828 e
684 1788 789 1827 more:
803 1766 917 1828 deiude
924 1767 1061 1848 pecudes,
1072 1789 1142 1849 qnae
1155 1778 1286 1828 mactan-

240 1865 304 1938 dae3
318 1861 448 1946 piacula,
459 1883 528 1945 quae
539 1884 630 1945 maga
639 1862 840 1940 indicaverat,
852 1863 884 1922 id
894 1873 952 1938 est,
960 1862 1081 1945 reliqua
1091 1866 1285 1947 purgamina,

165 1961 168 1968 '
243 1976 312 2038 quse
324 1954 715 2036 superstitiosaantiquitas'
730 1945 886 2036 cognovit.

280 2045 351 2128 637.
366 2045 458 2103 Varie
470 2043 563 2104 verba
580 2044 637 2103 ista
648 2045 689 2103 cic
704 2044 803 2104 ueniat
815 2043 1012 2124 interpretes:
1026 2043 1209 2120 credamus,
1221 2053 1286 2126 post

242 2130 391 2192 mandata
412 2128 590 2192 adhibitum
608 2129 753 2206 modurn,
772 2151 836 2211 quo
857 2131 911 2190 illa
925 2131 1112 2214 peragenda.
1132 2135 1284 2214 Sequitur,

243 2220 320 2304 qnid
333 2222 399 2303 ipsa
413 2218 524 2280 debeat
538 2221 642 2280 nutrix
656 2220 715 2280 sibi
730 2219 857 2294 afferre,
872 2220 981 2280 vittam
993 2219 1153 2296 videlicet3
1168 2235 1198 2282 et
1207 2221 1283 2282 hanc

243 2309 382 2392 tegendis
394 2310 587 2390 temporibus
600 2330 636 2368 ex
650 2329 746 2370 more.
1166 2373 1167 2376 Ἴ

284 2400 353 2458 638.
366 2399 424 2456 Cui
436 2399 503 2456 Deo
518 2397 598 2457 iacta
612 2397 678 2458 baec
692 2397 795 2458 sacra?
807 2398 950 2470 Plutoni;
960 2396 1012 2458 hic
1027 2401 1114 2458 enim
1125 2413 1170 2460 est
1182 2403 1201 2460 J
1204 2402 1285 2482 uppi·

244 2497 292 2544 ter
305 2483 439 2564 Stygius.
458 2483 516 2543 Cui
531 2481 608 2542 fini?
622 2483 785 2549 solvendisv
795 2480 974 2544 amoribus:
990 2487 1035 2544 ait
1048 2487 1199 2567 preficere,
1220 2491 1285 2568 quia

245 2573 369 2650 incepta.

285 2653 353 2731 640.
368 2655 466 2731 Scias,
482 2677 584 2738 rogum
594 2657 720 2738 proprie
731 2676 794 2716 esse
804 2660 1014 2718 sumnonem
1029 2655 1199 2740 liquorum:
1212 2659 1286 2720 nibil

245 2755 291 2804 est
307 2742 408 2818 abiud,
424 2743 668 2828 mqumflammoe
679 2744 868 2824 permittere,
887 2764 984 2824 quam
998 2758 1118 2812 struem
1132 2746 1284 2828 lignorum

244 2831 378 2894 flammae
390 2831 520 2892 tradere.
533 2829 591 2890 Sed
606 2828 736 2905 deinde,
749 2849 844 2912 quare
858 2850 952 2910 rogus
966 2829 1081 2894 dicitur
1092 2853 1159 2892 esse
1170 2831 1286 2894 AEneae?

281 2981 342 3036 625.
355 2983 480 3034 Exoriare
489 2967 595 3054 timuis.
609 2980 700 3052 Aliqui
710 2978 743 3031 de
788 2999 863 3046 rum,
880 2992 907 3032 et
925 2981 993 3051 ipsi,
1012 2993 1039 3032 et
1054 2983 1153 3034 sorori.
1172 3013 1208 3023 -
1226 2984 1285 3035 Tum

244 3058 376 3112 Annibale
393 3059 487 3110 volunt
503 3059 672 3130 intelligere:
696 3057 745 3111 sed
788 3061 901 3112 breviter.
909 3060 1091 3132 Namqueboe
1097 3064 1286 3129 conveniebat,

244 3139 339 3192 meiius
352 3150 408 3204 est,
423 3151 454 3190 ut
465 3140 503 3190 sic
514 3137 566 3192 hoe
582 3138 744 3208 perturbate
790 3157 847 3211 quae
862 3143 1073 3212 quamprimum
1087 3146 1158 3196 mori
1175 3159 1286 3216 cuperet.

243 3237 380 3292 persona,
394 3235 452 3288 que
466 3218 568 3270 nesciat
580 3233 608 3268 se
621 3209 745 3288 impossi-
789 3221 885 3272 Donat.
898 3249 932 3260 -—
942 3221 1049 3272 Barcen.
1066 3223 1126 3275 Hoc
1144 3241 1286 3299 cognomen

243 3297 310 3350 bilia
330 3295 492 3368 postulare:
513 3293 587 3363 quod
607 3298 745 3367 sequentia
789 3299 896 3352 familie
908 3300 1048 3354 Annibalis
1061 3303 1207 3357 tunsam.

244 3376 379 3440 indicant,
393 3393 475 3444 quum
487 3373 618 3444 postulet,
631 3388 658 3428 et
666 3375 746 3432 litora
824 3377 885 3446 634.
903 3382 977 3436 Cara,
991 3379 1148 3450 Blanditur,
1166 3398 1199 3436 nt
1212 3387 1288 3456 impe

244 3467 270 3504 et
278 3453 365 3505 undas
378 3455 448 3504 inter
460 3469 487 3502 se
500 3450 664 3508 discordare.
674 3456 744 3507 Duo.
789 3469 841 3510 tret
861 3477 911 3529 per
928 3459 1131 3528 blandimenta,
1152 3463 1229 3535 qnod
1247 3463 1286 3514 iiia

281 3531 341 3599 627.
360 3533 457 3595 Nune,
475 3529 547 3582 otim.
565 3533 664 3600 Modo,
681 3534 745 3586 otim
788 3551 900 3610 propter
929 3533 1162 3610 ingravescentem
1190 3555 1286 3596 etatem

244 3609 329 3660 futuri
345 3609 490 3677 temporis:
509 3611 653 3684 etquidem
668 3631 744 3684 sepa·
785 3631 894 3688 ,poterat
901 3637 1033 3672 recusare.
1042 3619 1131 3692 Elegit
1138 3639 1285 3694 personam,

245 3699 306 3740 rant
319 3687 590 3758 pronunciantes„ut
601 3695 636 3744 sit
644 3693 742 3760 modo,
787 3715 845 3768 quor
856 3697 934 3750 tarde
945 3711 1085 3770 pergeret,
1098 3713 1206 3754 etcum
1218 3716 1286 3754 mora

246 3764 327 3830 oiim,
353 3777 473 3836 postea:
494 3772 570 3840 quasi
590 3770 679 3838 dicat,
699 3771 742 3826 vel
784 3775 1285 3852 remearet,utsibilongiusculurned

247 3843 319 3896 olim.
332 3843 402 3896 Sem.
555 3907 558 3912 ,
647 3907 653 3920 ,
784 3867 897 3909 mortem
909 3855 1069 3927 patrandam
1081 3861 1205 3929 spatium
1216 3859 1284 3912 dare·

184 3950 185 3954 =
279 3923 339 3990 6³3.
348 3926 741 3992 BrevitenFettinationemor·
784 3945 846 3990 tur:
864 3948 891 3988 et
901 3948 1013 4008 propter
1025 3935 1080 3990 hoe
1096 3938 1167 3994 dixit
1182 3941 1251 4005 siste,
1262 3949 1284 3990 et

242 4003 275 4054 tis
292 4024 298 4053 ε
318 4005 395 4059 simul
413 4010 496 4063 nectit
512 4025 634 4061 caussam
652 4025 740 4064 morn—
783 4031 839 4068 non
850 4015 931 4070 mitte.
941 4015 1039 4070 Donat.

1010 4172 1018 4219 ,
