2646 4606
300 318 351 382 nt
375 305 610 384 nnntnos
633 319 726 384 ern.
751 320 814 384 vt.
1010 331 1073 418 lu

75 443 146 527 867.
154 437 295 502 Marcelli
305 440 400 500 funus
409 461 446 500 ex
456 438 568 500 decoro
578 440 1074 525 praecednntlacrymaellnchisae.

31 531 123 608 Quid
140 550 205 604 me,
216 542 303 603 nate,
315 526 470 610 pertrahis
482 527 522 586 ad
533 541 659 587 tuorum
669 543 820 610 nepotum
833 531 935 594 lnctus
947 557 1077 598 narran-

30 619 112 680 dos?
129 618 222 692 branc,
237 639 329 698 quem
343 617 429 676 rides
438 614 602 696 juvenem,
610 618 682 700 sota
694 629 808 679 tantum
822 624 970 686 ostendent
982 633 1075 704 terris,

30 730 129 791 neque
137 729 193 768 esse
203 708 300 767 sinent
312 704 408 767 ultra.-
423 706 498 765 dicit
509 704 586 781 lroc,
602 707 676 787 quia
688 720 799 787 parurn
811 711 889 770 vixit
900 713 1077 778 Marcellus.

31 799 194 880 Sequitur,
209 799 332 856 nimium
341 794 434 869 vobis,
445 806 502 856 etc.
515 797 562 855 est'
571 797 728 854 sententia
737 796 830 876 plena
840 799 1077 881 indignationis!

32 907 55 946 o
67 887 191 967 Superi,
204 884 359 945 invidistis
368 885 516 944 Romana
526 884 689 965 potentiae,
698 881 846 946 Marcello
857 882 962 949 ablato
974 911 981 949 ε
992 895 1079 954 time-
1110 927 1113 933 ·

30 975 117 1034 batis
130 973 213 1032 enim
229 991 265 1031 eo
277 973 364 1047 vivo,
385 971 483 1046 dona,
503 992 572 1052 quae
584 983 649 1030 tam
663 969 762 1030 multa
776 974 810 1031 in
824 975 990 1056 imperinm
1005 1001 1080 1040 con·

31 1061 185 1143 gessistis,
206 1058 274 1119 lore
283 1061 415 1141 propria,
437 1057 469 1117 id
485 1073 544 1134 est,
559 1071 723 1141 perpetua,
736 1071 863 1134 aeterna3
882 1063 966 1122 unde
978 1055 1081 1143 lieret,

30 1163 72 1210 nt
85 1151 227 1208 Romana
238 1146 338 1228 gloria
350 1161 429 1207 esset
443 1145 543 1228 major
554 1163 657 1208 vestra
669 1159 699 1207 et
713 1145 871 1208 illustrior.
888 1151 936 1210 Sic
950 1149 1014 1212 fere
1031 1155 1079 1214 in-

30 1245 199 1318 terpretes,
219 1249 332 1295 etcum
346 1234 409 1295 illis
420 1237 524 1296 Nann.
543 1233 599 1296 lib.
611 1235 664 1309 lV,
681 1229 812 1294 Miscell.
826 1235 873 1294 Tu
887 1233 939 1296 lric
953 1241 1081 1320 poetam

31 1324 254 1386 cautissimum
269 1321 446 1397 considera,
469 1323 523 1404 qni
543 1321 695 1382 invidiam
711 1339 809 1403 quum
828 1323 955 1400 innuat,
976 1335 1081 1387 tamen

30 1407 278 1488 non'nominat,
296 1429 335 1472 ne
354 1411 498 1472 offendat
514 1413 612 1486 Deos,
634 1432 705 1472 cum
718 1409 836 1492 quibus
847 1411 1005 1494 loquitur:
1027 1415 1081 1476 de-

30 1503 156 1561 buisset
169 1501 253 1560 enim
266 1498 384 1573 dicere}
403 1499 503 1559 invidi
515 1499 618 1559 fuistis
637 1500 705 1574 Dii3
729 1495 877 1576 abstinet3
893 1513 923 1560 et
942 1516 1082 1579 tanturn,

33 1594 124 1653 itane
138 1586 307 1650 visavobis
321 1601 432 1670 potens
443 1588 561 1649 Roma?
637 1605 640 1611 ‘
799 1588 802 1598 '

78 1680 147 1759 872.
161 1675 315 1736 Describit
328 1695 478 1758 pompam
491 1675 654 1737 funeream
665 1675 805 1737 Marcelli
819 1679 890 1737 cnm
901 1680 1023 1760 magnis
1038 1678 1083 1738 af·

31 1767 182 1828 recubus.-
197 1767 270 1826 Fnit
280 1765 443 1826 Marcellus
458 1779 611 1826 crematus
625 1767 826 1849 'sepultusque
838 1769 871 1827 in
881 1779 992 1849 cantpo
1001 1769 1085 1828 Mar·-

31 1860 97 1930 tio;
111 1854 199 1932 inde,
210 1867 333 1936 quatuos
344 1857 470 1916 uirorum
482 1857 606 1937 qemitns
616 1861 826 1938 apeteampus:
841 1865 972 1938 agnosce
983 1870 1082 1917 meto'·

32 1947 190 2026 nymiam.
211 1945 317 2026 Pergit
334 1946 403 2026 pari
424 1943 556 2019 affectu,
577 1942 623 2004 vel
641 1965 707 2027 quoe
724 1944 871 2019 Tiberine,
890 1957 945 2006 etc.
968 1944 1082 2028 quibus

32 2033 121 2094 nihil
135 2033 198 2094 dici
212 2036 316 2116 potuit
330 2031 581 2114 magnificentius
596 2033 634 2092 ad
652 2033 711 2094 hoc
727 2033 828 2110 funus
838 2034 1082 2116 deplorandum,
1139 2041 1142 2048 '

31 2121 127 2206 quod
141 2135 289 2184 ornatum
301 2137 506 2206 curatumque
518 2121 581 2186 fuit
595 2125 745 2183 sexcentis
758 2123 857 2197 lectis,
872 2124 1081 2206 undesunera'.

78 2211 148 2294 875.
167 2212 264 2270 Nemo
277 2225 396 2272 tantam
412 2211 450 2270 de
469 2231 502 2271 sc
520 2210 703 2270 mortalibus
718 2229 804 2291 spem
822 2208 953 2290 injiciet,
975 2208 1013 2270 de
1027 2225 1083 2270 ne·

31 2301 125 2360 mine
137 2300 182 2357 ita
194 2299 380 2378 gloriabitur
391 2301 490 2359 Roma
501 2309 508 2357 t
520 2297 666 2381 praeclare
677 2319 725 2380 spe
729 2322 741 2372 ;
753 2319 826 2358 nam
839 2299 871 2382 in
883 2297 1083 2382 adolescenti·

30 2391 96 2450 bus
111 2387 311 2469 potissimum
323 2407 405 2467 spes,
419 2409 486 2448 non
500 2408 548 2447 res
562 2386 709 2448 laudatur
719 2409 726 2444 ε
738 2385 894 2468 ,quondam
907 2385 958 2447 hic
972 2396 1017 2464 est
1030 2387 1082 2448 fus

31 2481 100 2539 turi
118 2476 277 2556 temporis.
296 2474 418 2535 Laudat
430 2475 612 2538 Marcellum
632 2496 648 2552 a
670 2475 786 2557 triplici
806 2477 932 2550 virtute3
951 2479 1082 2559 pietate,

33 2569 119 2642 fide,
139 2564 339 2640 fortitudine,
359 2585 428 2648 quae
445 2580 545 2627 essent
563 2568 597 2626 in
615 2565 671 2626 illo
688 2567 845 2641 maximae,
866 2569 890 2626 si
906 2571 1083 2648 perveniret

33 2656 79 2719 ad
94 2655 218 2716 virilem
232 2667 372 2715 aetatem:
393 2655 481 2716 addit
494 2669 601 2716 notam
616 2654 734 2716 doloris
748 2653 819 2715 teu!
840 2657 894 2715 Est
897 2655 975 2736 fides
986 2660 1082 2738 prisca

32 2767 106 2808 non
118 2744 175 2803 atri
189 2741 290 2818 illins,
304 2745 338 2803 in
352 2764 415 2824 quo
429 2745 568 2805 victurus
580 2757 658 2805 essct
671 2742 852 2817 Marcellus3
868 2742 922 2802 sed
937 2747 1033 2825 prisci
1052 2759 1083 2806 et
1099 2739 1102 2746 ’

78 2912 140 2980 869.
154 2914 261 2976 (laete,
273 2921 319 2962 etc.
332 2913 467 2983 Incipiunt
478 2912 542 2966 hine
587 2914 689 2985 signate
694 2923 810 2984 propaqo
816 2910 1081 2982 pariconseetitione.

36 3008 137 3046 versus
157 2990 208 3058 illi,
230 3007 297 3061 quos
317 3005 416 3042 vocant
437 3009 540 3045 aureos.
586 2991 680 3044 Cicero
699 2993 726 3042 in
744 2992 860 3042 Catone:
881 2987 1084 3041 &adolescentia

38 3073 112 3126 Vide
124 3084 215 3123 notant
222 3071 312 3122 Budoei
319 3071 424 3138 lib.lll,
434 3073 467 3126 de
476 3073 541 3125 Asse
587 3073 717 3146 significat
735 3071 904 3144 ostenditque
920 3073 1022 3122 fructus
1038 3071 1082 3121 fn·-

37 3173 106 3227 psg.
129 3152 195 3218 341,
214 3150 248 3202 de
269 3153 384 3221 pecnnia
405 3152 543 3224 persoluta
587 3167 677 3205 turos:
694 3152 796 3224 reliqua
812 3164 934 3223 tempora
947 3150 1083 3214 demeten-

37 3229 155 3304 Virgilio
174 3230 209 3282 ab
227 3229 338 3283 Octavia
358 3245 468 3304 propter
490 3231 540 3283 hos
586 3231 628 3283 dis
638 3231 783 3296 fructibus,
795 3229 1026 3302 autpercipiendis
1036 3245 1083 3281 ac*

37 3327 144 3366 versus.
157 3310 277 3360 Excurrit
290 3311 360 3362 enim
376 3329 479 3363 summa
495 3329 540 3362 su·
585 3311 855 3364 commodatasunt.»
871 3310 1082 3362 ch'untnrenim

38 3406 197 3465 praeurens
205 3387 541 3459 quinquemille.Deversu
586 3399 694 3444 arbores
708 3391 862 3455 ostendere,
878 3407 960 3460 quum
970 3403 1030 3461 spes
1043 3395 1083 3442 est

40 3474 126 3526 etiarn
144 3472 279 3540 sequenti,
303 3469 465 3522 sostendent
486 3482 541 3521 ter·
585 3472 612 3521 in
622 3469 674 3520 illis
682 3471 778 3521 futurae
787 3469 925 3521 ubertatis.
934 3469 1083 3522 Hicvetsns

40 3555 181 3616 ris,»ete.
194 3549 261 3600 Vide
271 3551 440 3619 Spanianum
449 3553 477 3601 in
486 3552 542 3602 vita
585 3551 612 3601 in
636 3548 808 3620 proverbium
829 3549 902 3600 abiit.
925 3565 959 3586 -·
981 3550 1080 3622 Neque.

41 3631 106 3682 AElii
117 3629 180 3680 Veri
190 3645 243 3678 uon
255 3627 333 3698 longe
346 3627 381 3678 ab
391 3629 476 3679 initio.
488 3631 541 3680 lsts
584 3630 614 3680 ln
623 3626 746 3698 pluribus
758 3627 874 3697 antiquis
887 3625 1024 3680 codicibus
1037 3649 1083 3682 nee

42 3723 71 3762 et
81 3707 179 3761 similia
188 3709 282 3758 citasse
289 3709 323 3756 sit
330 3707 393 3756 satis
401 3716 409 3767 ;'
418 3715 496 3758 notas
503 3709 542 3758 in·
585 3705 797 3778 monosyllabum
805 3717 853 3758 est.
865 3704 993 3758 Sedenim
1001 3728 1084 3782 neque

43 3805 134 3861 tegras
141 3789 320 3858 compingere,
326 3785 549 3838 otiosumcendet.¹
589 3785 672 3849 ultra,
686 3803 719 3836 ea
731 3783 863 3835 vocalium
876 3783 1012 3840 collisione
1024 3807 1084 3841 nes·

81 3871 143 3938 870.
163 3866 302 3919 Osutrdent
318 3865 388 3915 terris
405 3863 474 3915 hune
486 3876 544 3916 tan·
588 3866 630 3916 cio
639 3862 703 3934 quid
711 3863 887 3916 miserabilius
895 3865 1020 3934 ostendit,
1027 3887 1086 3921 ver·

45 3947 181 4018 tumfata.
193 3943 353 4014 Metnphora
364 3941 446 3994 ducta
457 3942 491 3996 ab
503 3962 545 3995 sr-
588 3961 620 3996 sn
641 3945 720 3996 enam
742 3942 869 4014 ejulatum
887 3945 1084 4015 quodammodo

46 4026 158 4093 boribus
172 4036 197 4077 et
210 4041 238 4075 re
250 4024 362 4083 rustica;
374 4020 436 4076 ideo
451 4035 545 4094 postea
590 4025 734 4077 emittente.
747 4022 814 4075 Picr.

119 4114 144 4166 6.
876 4129 907 4184 η
