2700 4586
359 293 410 356 IN
433 290 669 384 AENEIDOS
693 293 786 357 ΜΒ.
811 295 861 358 ΙΙ.
1069 295 1127 360 105

78 440 142 502 que
153 416 195 478 ad
205 412 334 476 fraudes
344 416 538 498 composuit,
548 435 621 476 nsm
631 415 759 478 turbatus
769 427 825 477 est.
837 417 902 492 tit,
912 418 1128 498 circumspexit,

78 507 205 591 duplici
217 504 370 588 spondaeo
386 503 425 565 ad
438 525 503 564 rem
515 503 608 566 fixam
619 499 819 566 indicandam
831 525 837 566 t
855 508 923 588 ipse
933 507 1051 590 quippe
1061 504 1129 564 fixis

78 597 221 676 vestigiis
234 592 344 656 oculos
360 607 483 654 tantum
496 595 697 660 circumtulit.
717 593 775 655 Sed
795 595 881 678 quod
900 595 1052 654 orationis
1067 594 1129 650 ini·

71 682 179 758 tium?
198 681 289 746 Audi.
308 685 377 744 Heu
388 703 454 764 quoe
467 703 526 757 me,
545 697 606 742 etc.
625 682 709 759 Quid
725 683 777 744 fiet
790 685 906 746 misero
918 682 1058 755 homini,
1077 681 1130 739 cui

80 793 186 856 neque
199 775 234 834 iu
247 787 329 832 terra
342 770 445 846 locus,
459 792 560 854 neque
573 773 605 831 in
618 772 716 832 mari?
729 775 791 832 lsta
803 795 877 832 mox
891 772 1044 854 explicat:
1060 769 1130 828 nul·
1232 809 1234 813 -

77 861 129 926 lus
150 861 230 920 mihi
247 863 282 920 in
299 861 377 920 mari
394 861 501 936 locus,
521 861 718 942 quianullus
735 881 869 942 usquam
888 860 972 943 apud
989 862 1129 934 Danaos,

82 951 138 1032 qui
149 947 218 1030 jam
233 951 401 1029 navigant:
417 947 522 1010 nullus
535 953 568 1009 in
582 963 678 1024 terra3
691 971 766 1010 nam
777 951 905 1030 'l'rojani
920 948 999 1008 mihi
1015 947 1131 1008 infensi

81 1049 169 1112 sunt,
183 1057 353 1118 poenasque
364 1051 515 1118 poscunt,
527 1059 629 1120 neque
638 1037 696 1098 bas
707 1038 806 1114 leves,
821 1037 874 1099 sed
885 1059 957 1098 cum
968 1038 1130 1117 sanguine.

82 1127 143 1186 llic
161 1127 320 1207 quapiam
337 1125 492 1206 expende:
515 1125 679 1208 conjungit
694 1126 934 1202 tres-dictiones,
946 1124 1013 1209 jam
1030 1128 1133 1184 misero

83 1214 172 1288 milti,
188 1219 222 1278 iu
235 1215 351 1296 quibus
363 1216 492 1295 singulis
504 1231 564 1294 est,
583 1239 628 1292 m,
646 1239 715 1300 quae
727 1217 831 1278 littera
847 1230 920 1298 epta
932 1212 1130 1296 lugentibus:

5 1379 7 1390 γ
82 1302 232 1364 viderunt
242 1299 304 1362 boc
317 1300 380 1361 alii.
399 1305 449 1363 Ait
463 1301 657 1380 Dardanide,
670 1327 742 1366 oum
754 1303 914 1388 emphasi,
930 1303 1020 1386 quasi
1033 1301 1131 1376 dicat;

82 1392 211 1471 Trojani
225 1393 300 1473 ipsi,
315 1391 430 1474 quibus
444 1413 502 1473 ego
515 1393 610 1457 saluti
623 1415 704 1455 sum.

122 1481 171 1562 73.
190 1479 236 1539 Ad
255 1493 319 1539 tam
334 1482 516 1541 inusitatam
534 1483 652 1543 doloris
670 1482 950 1564 significationem,
969 1482 1023 1562 qui
1044 1480 1131 1562 prius

82 1570 184 1630 aversi
208 1582 297 1628 eraut
318 1571 441 1645 animo,
465 1573 607 1632 conversi
628 1572 668 1632 ad
689 1571 939 1632 benevolentiam
960 1581 1050 1628 sunt:
1076 1569 1131 1649 qui

83 1661 168 1740 prius
180 1669 276 1739 capto
291 1656 481 1734 illudebant,
492 1673 650 1722 cessarunt
664 1660 704 1720 ab
717 1663 857 1743 impetu:
871 1663 976 1740 itaque
989 1669 1019 1718 et
1033 1657 1131 1716 animi

84 1748 169 1807 intus
184 1747 277 1826 proni
292 1744 332 1806 ad
346 1744 573 1810 benevolentiae
587 1763 678 1810 notas
693 1762 867 1832 sequuntur
880 1744 976 1808 verba
990 1743 1132 1804 blandis·
1170 1741 1179 1751 “

5 1913 6 1918 ¹
84 1833 1131 1922 sima3hortanturenimtmemorstsuumgenus:quidfnut:quod

5 1927 6 1948 ¹
84 1921 221 2004 explico,
235 1922 312 2006 quid
323 1925 398 1984 novi
411 1923 451 1983 ad
462 1921 615 2005 'l'rojanos
627 1922 756 1987 allerat:
770 1925 912 1999 demum,
925 1943 989 2005 qus
1000 1923 1042 1982 sit
1053 1920 1133 1980 fidu·
1177 1917 1179 1922 ’

86 2013 148 2086 cia,
167 2025 278 2091 captus
295 2029 393 2091 quum
410 2014 459 2072 sit
479 2013 575 2088 Vide,
594 2027 690 2096 quam
704 2016 813 2096 paucis
826 2011 928 2074 verbis
941 2008 1134 2069 uberrimam

85 2101 250 2160 materiam
263 2101 424 2180 praebeant
436 2100 475 2161 ad
490 2102 638 2164 texendos
649 2102 754 2164 dolos:
765 2103 832 2163 haec
842 2103 926 2162 enim
936 2101 1043 2158 omnia
1051 2099 1132 2156 miro

86 2187 217 2248 artificio
226 2189 326 2256 ,Sinon
338 2192 496 2252 narrando
508 2191 688 2274 amplificat.
697 2189 754 2252 llle
765 2204 851 2252 tauta
861 2191 1040 2251 animorum
1050 2207 1134 2246 com-

86 2277 937 2358 mutatione,¹etnotisbenevolentiaerecreatus,tandem
945 2275 1005 2336 fari
1011 2275 1133 2356 incipit.

86 2439 145 2472 men
163 2419 226 2486 bio,
247 2433 278 2472 ut
293 2421 393 2476 Vitium
409 2441 460 2494 pro
481 2424 587 2476 vitioso.
632 2424 847 2489 territus,incus,
859 2433 911 2488 tus,
923 2439 977 2486 rut,
989 2437 1058 2483 mus,
1070 2435 1132 2490 pus:

83 2499 199 2552 Martial.
217 2499 338 2562 s'Caroer
348 2503 392 2552 vix
406 2519 513 2556 carcere
530 2503 589 2576 dig·
633 2517 698 2558 tuno
711 2503 813 2557 scilieet
826 2521 907 2575 quum
919 2501 1049 2574 genitivus
1061 2499 1089 2548 in
1104 2496 1135 2548 tis

84 2597 135 2631 nus
145 2603 156 2628 ι
168 2602 174 2632 :
185 2579 282 2652 scalig.
295 2582 323 2632 iu
333 2580 451 2652 Couject.
468 2583 520 2636 Sed
536 2583 586 2635 ΕΙ.
632 2585 675 2638 vel
686 2585 825 2650 inriserit,
834 2596 860 2636 et
869 2581 951 2634 babet
960 2577 1134 2652 penultimam

37 2650 42 2660 ¹
84 2659 206 2712 Bonam
227 2659 262 2712 ad
283 2659 331 2712 illa
353 2661 458 2714 Terent.
480 2662 586 2714 Phorm.
632 2663 825 2738 longamldeo
841 2658 1049 2713 autemtisetris
1062 2653 1134 2706 dicta

88 2739 199 2790 aUnum
211 2740 350 2810 cupiaris,
364 2754 457 2792 omnus
474 2741 588 2806 noris»,
634 2757 708 2796 eunte
718 2745 782 2814 quia
790 2741 880 2814 palus,
890 2739 953 2790 lieet
963 2735 1068 2808 paludis
1076 2733 1133 2784 lon-

85 2818 149 2890 legit
164 2840 170 2870 ε
185 2819 282 2890 Accipe
300 2837 371 2872 nunc
386 2818 509 2872 Danaum
528 2823 590 2874 iusi·
633 2839 668 2894 ga
683 2823 717 2873 sit
733 2819 777 2886 lu,
797 2820 885 2871 brevis
901 2829 991 2868 tamen
1002 2827 1134 2862 'nonnun-

85 2897 476 2953 stantemstantem
484 2918 572 2953 omnes
578 2923 588 2962 ,·
634 2917 716 2974 quam
733 2902 884 2966 iuvenitur,
902 2897 966 2968 quia
983 2897 1011 2946 in
1025 2893 1064 2945 dis
1081 2892 1135 2942 exit

87 2996 168 3050 quam
177 2979 322 3032 lectionem
333 2997 383 3032 nee
395 2978 467 3032 Serv.
477 2981 587 3050 respuit.
633 2982 764 3053 genitivus
776 3001 782 3031 :
796 2991 825 3030 ut
836 2977 978 3031 Horatius:
995 2997 1006 3023 ι
1018 2969 1135 3026 sterilis-

122 3059 165 3130 69.
184 3057 259 3124 Heu,
273 3075 332 3131 que
345 3058 515 3111 nunetellut.
531 3059 589 3110 Do·
634 3078 686 3133 que
693 3059 825 3134 diupalus
834 3069 950 3131 aptaque
958 3051 1133 3108 remissSeru.

86 3137 143 3192 losa
156 3141 279 3210 queritur
287 3139 384 3205 Sinon,
392 3157 421 3192 se
428 3139 461 3192 de
472 3157 590 3191 commu·
669 3141 711 3213 73.
724 3142 781 3214 Quo
789 3140 897 3214 qemitu.
909 3137 1060 3188 Bonitatem
1068 3129 1134 3179 Tro-

83 3219 165 3272 hibus
173 3220 283 3274 duobus
291 3217 588 3282 elementis·exelusom;
631 3225 757 3293 janorum
769 3217 901 3283 ostendit,
915 3216 961 3287 qui
970 3229 1020 3286 pro
1032 3209 1136 3282 suppli·

87 3318 137 3354 uec
152 3319 269 3373 usquam
288 3301 338 3355 sibi
352 3301 442 3358 locum
455 3299 588 3372 relinquis
635 3303 678 3354 cio
696 3300 807 3366 ultim,
830 3296 903 3369 quod
918 3292 1057 3366 sperabat,
1077 3287 1134 3340 tolo

89 3384 208 3454 quippe,
232 3400 311 3452 quem
332 3381 417 3434 Grani
440 3383 481 3434 sui
501 3396 591 3453 perse·
635 3381 735 3453 gemitu
754 3381 827 3450 ejas,
846 3393 897 3447 pro
917 3391 998 3445 prena
1016 3369 1136 3422 conteuti
1202 3390 1204 3393 ·

89 3473 227 3533 quantur,
248 3475 279 3514 ut
302 3471 421 3515 mactent
438 3485 445 3514 z
464 3460 591 3532 Trojani,
637 3471 708 3512 eunt.
721 3453 974 3512 Donat.-'l'ribuit
983 3461 1065 3524 poeta
1077 3447 1136 3500 ubi·

89 3543 186 3614 quibua
201 3555 291 3595 tamen
303 3542 416 3595 salntem
427 3545 592 3616 praestiturus
637 3529 1139 3611 quepietatemsimplicitatemqueaui·

89 3625 139 3688 sit,
150 3625 271 3674 vinctum
280 3620 315 3674 ad
324 3637 418 3675 necem
427 3623 482 3691 jam
495 3621 593 3693 depos-
635 3620 673 3670 mi
681 3617 818 3686 Troianim
827 3627 858 3666 ut
867 3612 1080 3680 contemtis-acis
1090 3612 1137 3661 im·

88 3717 151 3756 caut
166 3726 173 3755 :
190 3715 221 3754 ut
239 3702 290 3754 bos
310 3703 346 3756 ad
364 3702 590 3768 misericordiam,
635 3699 763 3770 pietatem
776 3706 803 3748 et
820 3693 1038 3748 fraudulentiam.
1054 3689 1135 3742 Taub.
1217 3711 1218 3714 ¹

88 3782 148 3835 illos
158 3785 185 3836 in
200 3781 293 3834 odium
303 3779 428 3836 adducat.
442 3783 591 3834 Toubm.··-
671 3777 713 3847 74.
724 3776 846 3848 impetis.
861 3776 915 3844 Qui
933 3777 961 3828 iu
975 3772 1081 3826 Sinonis
1094 3769 1137 3822 fe·

88 3863 156 3915 Saue
170 3860 591 3933 tellus,teslongaest=etpauca
635 3858 745 3910 rebatur
769 3857 914 3922 interitum.
938 3883 975 3896 -
995 3853 1140 3910 Hortamur
1186 3855 1188 3858 '

88 3953 151 3992 sunt
162 3958 223 4012 quae
236 3940 448 4014 usproduount3
464 3951 494 3992 nt
507 3957 592 3994 senec·
629 3939 696 4012 furi.
713 3937 799 3990 Bene:
817 3953 871 3987 nou
885 3935 1024 4006 jubemus,
1043 3940 1136 4001 utpote

25 4043 27 4048 ·
89 4019 589 4094 tes,juueutrts,ulus,viffitt,polus,
635 4017 881 4070 miserantes..Serv.
