2646 4606
231 291 292 372 418
555 231 937 343 couu'urtranta

229 411 368 491 antiqui:
384 422 481 486 quum
492 419 566 460 vero
581 396 756 458 laudaverit
774 395 865 456 illum
879 395 1025 477 atriplici
1039 399 1173 472 virtute,
1191 398 1265 456 sistit

228 503 261 560 in
276 513 411 559 extrema
422 488 621 562 fortitudine,
637 507 736 568 quum
749 487 809 562 ait,
824 507 884 546 non
899 483 943 544 illi
956 487 1128 566 quisquam,
1144 501 1202 546 etc.
1219 489 1265 554 Est

228 607 301 646 vero
314 581 485 644 sententia:
506 597 599 638 nemo
616 595 647 634 se
662 575 708 634 illi
725 585 845 634 armato
857 574 969 634 obvius
983 572 1072 634 daret
1087 577 1221 655 impune,
1239 574 1264 632 id

228 685 286 747 est,
301 672 378 734 citra
390 686 519 738 noxam3
532 661 627 723 modo
639 683 686 722 res
696 675 853 742 gereretur
862 660 996 742 pedestri
1008 664 1198 736 certamine3
1211 681 1265 720 mo·

228 759 270 819 do
285 756 435 840 equestri:
455 751 545 826 dicit,
563 749 631 812 fore
646 747 721 825 ista,
735 752 767 828 si⁸
774 751 951 832 perveniret
963 748 1134 810 Marcellus
1149 749 1188 810 ad
1203 762 1265 808 aeta·

227 861 291 906 tem
305 848 468 924 integram.
480 841 540 898 Hic
553 859 610 920 ego
621 837 773 909 admiror,
789 857 851 918 qua
864 838 1039 898 carminum
1049 836 1206 915 jactantia
1216 833 1266 893 hoc

229 935 340 996 dixerit
353 947 464 1015 poeta:
481 949 554 988 nam
568 927 645 1009 quid
658 941 714 986 aut
724 926 862 1008 plenius,
875 941 929 986 aut
942 923 1203 1006 magnificentius
1214 943 1266 982 rer·

229 1046 265 1084 su
276 1022 354 1084 isto?
365 1023 423 1083 Seu
432 1019 592 1102 spumantis
603 1018 669 1097 equi
672 1016 788 1099 foderet
797 1013 960 1076 calcaribus
968 1035 1084 1074 armos:
1097 1015 1157 1074 ubi
1169 1032 1267 1094 agnos

229 1115 273 1174 cis
284 1111 440 1174 furentem
453 1127 584 1188 equum,
598 1105 747 1166 audacem
762 1125 921 1166 sessorem.

269 1203 338 1260 882.
351 1198 496 1278 Erumpit
509 1195 637 1256 tandem
649 1196 681 1252 in
694 1214 811 1254 nomen
825 1195 930 1274 pueri,
944 1195 1018 1254 satis
1032 1203 1106 1274 post
1116 1203 1168 1252 tot
1180 1192 1267 1270 lacry-

229 1311 310 1364 mas,
328 1299 398 1370 post
413 1299 461 1346 tot
476 1285 603 1347 virtutes
620 1282 831 1364 exspectatum
847 1282 966 1342 lectori.
986 1279 1144 1341 Praecedit
1162 1299 1268 1340 nomen

230 1377 412 1440 exclamatio
423 1377 482 1436 ista
492 1397 499 1432 :
510 1377 578 1434 Heu
587 1371 747 1432 miserande
754 1374 840 1453 puer!
853 1369 974 1432 doloris
984 1383 1014 1430 et
1024 1368 1161 1430 affectus
1170 1367 1271 1450 plena,

230 1467 317 1551 quod
328 1461 625 1526 videatMarccllum
641 1463 731 1544 prius
747 1463 965 1537 interiturum,
980 1481 1078 1543 quam
1092 1461 1199 1542 possit
1211 1472 1270 1518 tan·

229 1571 333 1615 tarum
344 1555 498 1612 virtutum
513 1552 671 1633 specimen
683 1550 783 1610 edere.
799 1552 921 1632 Siqua,
939 1564 1000 1624 est,
1018 1551 1045 1622 si
1059 1569 1123 1629 qua
1139 1549 1208 1623 via,
1226 1559 1272 1604 aut

218 1643 729 1722 ratione.Sequiturpostnomen‚
743 1637 877 1700 manibus
883 1637 1034 1712 date-lilia,
1043 1651 1168 1712 etc.,ex
1178 1655 1272 1704 more,

225 1754 295 1815 ‚quo
306 1745 423 1806 ¹veteres
437 1729 576 1810 sepulcra
593 1729 749 1789 ornabant
760 1727 891 1791 floribus
905 1729 1065 1808 sertisque.
1084 1727 1168 1802 Quae
1182 1741 1273 1807 quum

232 1821 380 1882 omuibus
395 1840 431 1878 ex
444 1839 504 1886 usu
518 1817 680 1894 darentur,
692 1817 789 1878 nullis
801 1832 907 1880 tamen
916 1819 1016 1898 magis
1027 1819 1175 1898 proprie,
1188 1833 1273 1896 quam

230 1907 354 1986 pueris:
377 1927 441 1986 quo
463 1905 670 1964 admonemur
688 1909 900 1966 momentanei
922 1907 1038 1986 vigoris
1062 1918 1095 1964 et
1117 1903 1274 1972 brevitatis

230 1996 313 2055 vitae.
324 1997 379 2054 Est
387 1997 509 2075 nepotis,
521 1995 636 2074 posteri
646 1997 718 2067 mei,
730 1997 785 2056 sed
795 2017 855 2058 vox
864 1995 919 2062 illa
929 1996 1059 2077 quaesita
1069 1993 1111 2052 ad
1122 1993 1274 2054 dolorem:

231 2086 333 2164 magis
353 2084 438 2144 enim
461 2084 612 2144 excitatur
634 2082 740 2160 dolor3
763 2088 788 2146 si
810 2085 918 2148 audias
938 2095 1089 2164 nepotem
1110 2084 1276 2153 interiisse,

232 2177 370 2256 quamsi
392 2187 572 2256 posterum:
594 2177 628 2234 in
646 2196 723 2236 voce
743 2179 827 2236 inani
843 2197 976 2250 marcere,
996 2173 1108 2236 allusit
1127 2175 1172 2236 ad
1188 2193 1276 2255 genus

269 2328 330 2397 879.
340 2327 400 2378 Heu
408 2326 502 2396 pietas,
514 2327 563 2378 lieu
569 2325 729 2399 priscafides.
811 2327 871 2380 883.
886 2325 951 2378 Fata
965 2345 1055 2398 aspera
1067 2345 1188 2398 rumpas.
1203 2328 1275 2377 Posse

231 2405 356 2476 Elogium
365 2405 485 2456 Marcelli
497 2405 575 2475 hujus
586 2405 637 2458 hoc
650 2407 732 2458 habet
777 2405 866 2476 aliqua
878 2407 981 2457 ratione
994 2407 1052 2456 feta
1064 2404 1216 2476 disrumpi,
1235 2423 1277 2475 per

233 2484 351 2535 Velleius
364 2482 409 2533 lib.
425 2485 463 2533 ll:
483 2484 586 2549 uSane,
602 2497 631 2535 ut
644 2487 732 2550 aiunt,
776 2487 917 2536 transitum
936 2483 1068 2536 docet-
1081 2485 1123 2535 Tu
1143 2484 1278 2536 Marcellus

233 2564 409 2632 ingenuarum
432 2563 576 2628 virmtum,
603 2564 732 2634 intusque
776 2565 832 2616 eris.
841 2563 1024 2634 'Palimqualis
1032 2565 1247 2616 tuitMarceltus.
1255 2565 1277 2614 S.

235 2643 330 2706 animi,
346 2653 372 2694 et
383 2639 495 2713 ingenii,
509 2642 691 2714 fortunaeque,
704 2645 732 2694 in
813 2643 872 2710 884.
891 2643 1015 2694 Manilius
1028 2642 1090 2694 date
1104 2642 1175 2694 titia.
1192 2644 1278 2694 Affec-

235 2739 317 2790 quam
337 2721 471 2786 alebatur,
493 2739 608 2792 capax.»
631 2721 733 2776 Seneca
777 2737 833 2778 tum
854 2723 969 2776 dolentis
994 2723 1127 2794 expressit
1152 2722 1278 2784 dicendo,

236 2800 270 2851 ad
286 2802 415 2852 Marciam
432 2820 490 2872 cap.
506 2819 534 2866 2,
548 2801 615 2852 hoc:
636 2801 732 2852 «Ado.
776 2804 844 2854 date.-
854 2801 1279 2873 quumnonpraestohicadessent

235 2881 378 2934 lescentem
389 2882 478 2934 animo
488 2882 617 2948 alacrem,
625 2883 732 2954 ingenio
777 2881 940 2952 quidarent.
954 2881 1078 2934 Manibus
1086 2879 1192 2951 plenis,
1206 2881 1278 2952 plena

234 2973 384 3031 potentem
402 2959 450 3014 sed
462 2974 488 3012 et
499 2961 659 3032 frugalitatis
669 2979 734 3014 con·
777 2961 867 3014 officia
877 2959 1016 3033 significat.
1029 2961 1124 3012 Manes
1137 2959 1279 3014 herbarum

219 3085 222 3108 ,
235 3041 405 3108 tinentiaeque
414 3040 443 3090 iu
456 3039 511 3090 illis
524 3050 570 3090 aut
584 3041 674 3104 anuis,
687 3052 733 3091 aut
777 3054 804 3092 at
816 3039 910 3092 florum
919 3040 1076 3094 amoenitate
1083 3041 1197 3110 gavisos
1204 3043 1279 3093 fuisse
1304 3097 1305 3114 χ

235 3119 332 3191 opibus
345 3137 400 3170 non
414 3119 585 3172 mediocriter
599 3120 733 3172 admiran-
778 3139 809 3172 es
821 3119 937 3172 Schedio
949 3136 1082 3189 cognosce
1095 3117 1171 3170 libro
1183 3119 1219 3172 de
1232 3121 1279 3171 Diis
1304 3149 1305 3184 ,

235 3200 313 3265 dum,
323 3200 468 3270 patientem
480 3199 595 3266 laboris,
606 3201 732 3271 voluptas
777 3200 866 3252 Gerra.
880 3217 939 3269 cap.
954 3201 1002 3267 49,
1019 3199 1067 3250 uhi
1081 3217 1113 3250 ex
1129 3201 1281 3270 antiquins
1304 3213 1305 3254 t

235 3277 306 3332 tibus
313 3279 438 3339 alienum
446 3291 680 3350 quantumcunque
686 3281 733 3332 im·
776 3281 825 3332 mis
838 3281 1016 3330 monumentis
1026 3277 1093 3330 illud
1102 3281 1187 3332 eruit.

234 3376 336 3427 ponere
355 3357 394 3408 illi
414 3358 573 3424 avunculus,
591 3370 630 3426 et,
646 3371 677 3410 ut
692 3361 730 3414 ita
812 3358 873 3412 885.
890 3359 1036 3430 Purpureos
1044 3359 1135 3436 flores.
1158 3362 1198 3412 Ut
1219 3380 1280 3432 sepe

235 3435 336 3500 dicam,
348 3436 508 3490 iuaedificare
520 3438 648 3496 voluisset
660 3439 730 3495 latu·
774 3437 901 3505 diximus,
911 3451 1023 3508 propter
1033 3441 1180 3510 sanguinis
1192 3443 1280 3492 simili·

237 3531 303 3564 rum.
316 3539 326 3562 n
343 3517 430 3568 Cerdo.
774 3517 908 3579 tudinem
920 3520 983 3587 quia
993 3529 1041 3570 aut
1051 3521 1160 3585 anima,
1173 3534 1225 3572 aut
1235 3523 1281 3573 ani·

271 3595 331 3646 882.
353 3596 460 3648 Foderet
478 3598 618 3652 calcaribus
638 3617 730 3657 armos,
776 3615 826 3648 mae
838 3607 878 3648 est
890 3596 975 3648 sedes.
988 3598 1061 3649 Sero.

222 3670 341 3742 ,Species
349 3693 398 3744 pro
405 3695 510 3747 periere.
517 3680 588 3751 Equi
594 3698 732 3750 annospro
812 3675 873 3728 886.
890 3675 938 3731 His
949 3675 1041 3728 mltem
1054 3677 1233 3731 adcumulem
1245 3679 1283 3732 do·
1304 3667 1305 3742 l

236 3769 306 3821 equo
326 3755 434 3822 posuit:
456 3775 511 3808 non
532 3761 602 3810 enirn
620 3772 733 3830 possunt
777 3755 824 3807 nis.
837 3755 1036 3810 Observaritiu
1045 3755 1188 3812 Catullum
1197 3759 1283 3812 Achil·

233 3829 302 3888 ,ami
318 3830 466 3884 calcaribus
479 3833 546 3888 todi.
564 3838 733 3890 Seru-Ar·
775 3833 817 3888 les
831 3836 929 3888 Statius
949 3835 1003 3888 dici
1020 3837 1108 3903 dona,
1125 3851 1159 3890 et
1175 3857 1284 3892 munera
1304 3837 1305 3880 l

177 3951 179 3956 -
235 3923 294 3974 mus
303 3907 331 3956 in
339 3909 557 3982 quadrupedibus
563 3914 648 3984 idem,
659 3915 732 3987 quod
777 3914 811 3968 de
818 3914 860 3966 his
869 3933 927 3986 qua
935 3914 1071 3970 debentur
1078 3921 1198 3972 mortuis
1209 3943 1218 3972 ε
1229 3939 1285 3973 usn

236 3987 264 4037 in
273 3985 425 4040 hominibus
434 3989 569 4050 humerus.
717 4049 719 4052 ,
776 3995 1287 4071 CatullusipsesoUttepostrenodo
