2644 4614
295 301 347 364 IN
371 301 606 370 AENEIDOS
629 305 722 368 LlB.
746 305 834 370 Vll.
1021 311 1084 393 465

44 420 123 480 liore
134 432 239 502 patre:
260 421 348 499 dicit,
368 423 473 505 dignus
484 427 585 506 patriis
598 429 648 508 qui
666 425 758 488 laetior
769 441 839 490 esset
855 430 997 512 imperiis,¹
1013 434 1086 514 quia

42 523 130 592 pater
142 512 268 572 tandem
283 513 425 574 exulavit.

85 599 498 662 655.lnduciturAventinus
506 621 579 660 cum
587 599 719 683 superba
727 603 862 682 quadarn
871 609 1086 669 ostentatione:

42 687 196 750 offerebat
208 693 324 773 quippe
336 713 459 752 currum
472 713 542 751 cum
556 693 645 772 signo
656 691 783 773 palmae,
797 713 883 754 more
893 697 1098 779 triumpham

41 771 140 851 tium,
160 777 231 838 idco
250 801 345 860 equos
364 781 508 838 nominat
528 781 676 839 victores:
701 793 766 838 erat
785 782 809 839 is
829 780 912 840 filius
929 785 1088 863 Herculis,

41 867 111 946 ipse
124 867 266 948 pulcher,
282 885 312 931 et
325 884 412 952 pater
425 867 568 951 pulcher,
584 871 614 930 id
632 882 692 945 est,
706 870 812 946 fortis,
827 873 1009 952 explicatore
1023 879 1089 936 Ser-

40 953 107 1012 vio.
124 955 204 1014 Cave
215 978 287 1018 vero
299 972 402 1040 putes,
418 957 507 1017 illum
518 957 680 1018 advectum
690 979 799 1031 curru,
814 969 848 1016 ut
858 959 939 1019 male
947 962 1089 1041 Donatus

40 1041 192 1122 explicat,
207 1056 327 1106 tautum
340 1046 585 1106 ostentabundus
598 1045 689 1106 illu-m
702 1045 870 1120 afferebat3
883 1069 956 1106 narn
969 1062 1089 1130 postea,

41 1131 103 1210 ipse
118 1131 221 1210 pedes:
250 1129 383 1216 explicat
401 1133 487 1216 quod
506 1133 571 1215 ejus
593 1137 713 1216 insigne
732 1136 765 1194 in
783 1135 913 1216 clypeo:
935 1151 1090 1218 serpentes

40 1217 159 1298 Hydrae
179 1221 190 1296 (
199 1237 326 1282 centum
343 1226 487 1300 nominat
500 1225 538 1284 ad
551 1225 677 1304 αὔξησιν)
692 1225 835 1306 clypeum
850 1226 1034 1306 cingebant,
1057 1241 1091 1288 ut

40 1310 88 1366 ita
101 1312 197 1389 patris
212 1313 343 1393 gloriam
359 1314 525 1388 indicaret,
542 1315 596 1395 qui
609 1313 749 1394 Hydram
761 1328 939 1394 peremerat.

85 1399 153 1477 659.
171 1401 328 1482 Explicat,
348 1406 402 1484 qui
419 1403 536 1462 fuerint
552 1403 667 1462 natales
682 1404 844 1462 Aventini:
866 1425 962 1482 quum
978 1403 1015 1464 ad
1031 1406 1090 1465 lta·

40 1484 120 1544 liam
140 1487 301 1562 Hercules,
324 1511 417 1571 quem
436 1487 487 1547 hic
505 1501 595 1548 vocat
611 1497 817 1569 παραφραστικῶς
835 1492 968 1550 victorem
989 1493 1091 1573 Tiryn-

41 1572 156 1649 thium,
172 1579 361 1657 perveniret,
376 1577 538 1636 interfecto
553 1577 619 1655 jam
634 1579 668 1634 in
681 1578 831 1658 Hispania
845 1579 1006 1660 Geryone,
1025 1603 1090 1642 rem

39 1659 156 1720 habuit
168 1684 239 1722 cum
251 1663 335 1725 Rhea
346 1661 524 1737 Sacerdote3
545 1675 574 1720 et
591 1665 632 1722 ita
649 1664 835 1741 Aventinus,
856 1666 904 1724 eui
923 1663 956 1722 id
973 1647 1091 1728 ndmen

40 1753 197 1830 contigit,
226 1756 298 1835 quia
317 1767 424 1834 postea
442 1766 533 1833 partu
552 1751 652 1811 editus
671 1753 704 1812 in
723 1752 808 1834 sylva
826 1756 972 1814 Aventini
991 1759 1090 1820 collis.

41 1840 124 1897 Sunt
135 1839 225 1901 Iberoe
237 1841 335 1916 boves,
349 1842 513 1922 Hispanae:
532 1837 714 1920 Tyrrhenum
716 1840 851 1924 flumen,
865 1846 985 1928 Tybris.

92 1926 161 2002 664.
183 1931 277 1990 Ponit
290 1928 354 2012 jam
374 1950 460 1994 arma
477 1929 627 1988 comitum
645 1927 808 2010 Aventini:
830 1929 896 1994 haec
912 1937 988 2010 tria,
1010 1933 1092 2016 pila,

41 2017 190 2096 dolones,
210 2041 320 2096 verua,
342 2020 455 2101 quibus
467 2020 513 2078 usi
527 2019 657 2096 Sabelli,
672 2031 702 2080 et
715 2021 829 2100 quibus
841 2024 875 2082 in
889 2026 971 2084 exitu
983 2045 1091 2086 mucro

39 2124 135 2168 teres.
739 2168 746 2186 ,
930 2131 945 2181 J

85 2195 155 2256 666.
174 2199 242 2278 lpse
254 2219 327 2258 vero
339 2199 510 2258 Aventinus
526 2217 584 2276 pro
598 2193 723 2256 thorace
735 2197 873 2278 gestabat
889 2211 1012 2279 tegmen
1027 2201 1091 2260 leo·

42 2291 116 2346 uis:
140 2287 193 2346 scd
210 2285 260 2346 hie
277 2287 398 2367 singula
415 2286 615 2368 explicanda:
638 2287 681 2346 ait
698 2286 782 2367 pedes
801 2307 873 2347 cum
892 2304 1032 2371 respectu
1051 2291 1092 2350 ad

41 2395 161 2456 genus,
182 2374 255 2454 quia
268 2373 413 2434 Hercules
428 2395 547 2455 semper
561 2373 652 2453 pedes
671 2375 812 2449 incessit;
832 2376 873 2434 sic
890 2376 1027 2437 Servius:
1048 2379 1093 2436 ait

42 2481 182 2546 torquens
200 2484 272 2522 cum
290 2477 428 2544 respectu
448 2463 486 2522 ad
506 2463 710 2523 cinctionem:
734 2463 808 2522 dicit
820 2467 948 2525 immane
964 2481 1094 2549 propter

42 2549 316 2632 magnitudinem:
333 2549 451 2612 terribili
465 2553 612 2633 impexum
623 2563 696 2624 seta,
720 2553 794 2630 quia
806 2567 894 2628 setae,
913 2565 942 2612 et
954 2553 1020 2613 villi
1038 2554 1093 2614 ad·

41 2639 110 2700 huc
126 2639 258 2720 impexi,
279 2639 457 2719 nequedum
470 2653 534 2698 arte
545 2638 650 2718 aliqua
662 2639 777 2712 curati,
791 2638 840 2696 sed
855 2641 898 2698 ita
910 2638 1042 2720 hispidi,
1058 2656 1093 2701 ut

40 2729 171 2786 vivente
182 2727 291 2788 leone:
314 2725 435 2808 adjicit,
455 2725 572 2786 indutus
583 2727 672 2806 cupiti
683 2745 749 2784 cum
765 2723 896 2786 dentibus
906 2725 997 2814 albis,
1019 2729 1093 2807 quia

82 2885 146 2956 659.
164 2886 235 2938 Rhea
251 2886 372 2938 sacerdos.
392 2884 495 2935 Alludit
514 2883 550 2936 ad
590 2887 634 2954 jus
646 2883 748 2954 virgam
757 2881 823 2956 latet
832 2882 930 2951 pugio:
943 2894 988 2932 aut
998 2899 1093 2933 secun-

42 2985 146 3018 uomen
159 2968 250 3017 matris
266 2965 385 3028 Romuli,
406 2983 462 3034 quaa
477 2962 550 3015 dicta
594 2962 657 3014 dum
677 2964 839 3026 Varronem,
864 2963 977 3032 cingens
998 2973 1093 3012 contus
1129 2955 1133 2974 ¹

43 3061 87 3099 est
100 3045 164 3110 Ilia,
175 3044 262 3110 Rhea,
273 3043 360 3096 Silvia.
371 3045 441 3095 Serv.
594 3061 654 3093 eum
678 3043 749 3092 ferro
773 3040 961 3092 brevissimos
981 3039 1094 3092 Dolones

83 3125 147 3176 662.
163 3126 286 3195 Geryone.
297 3125 432 3196 Geryones
445 3141 490 3176 rex
499 3123 551 3172 fuit
596 3134 685 3174 autern
700 3141 716 3174 a
729 3119 848 3174 fallendo
859 3119 923 3172 dieti
935 3132 1009 3183 sunt,
1021 3119 1096 3190 quod

43 3200 552 3276 Hispaniae:quiideotrimembrisliu·
596 3201 733 3272 decipiant
756 3203 846 3267 ferro,
873 3219 953 3271 quum
978 3204 1094 3270 speciem

43 3289 137 3361 gitur,
151 3287 214 3356 quia
227 3286 311 3338 tribus
326 3285 419 3337 insulis
431 3284 552 3354 praefuit,
595 3283 739 3352 praeierant
760 3281 841 3353 ligni:
862 3293 888 3331 et
907 3280 982 3330 multi
1000 3281 1095 3333 volunt

45 3386 110 3440 quae
121 3365 245 3437 adjacent
252 3367 399 3438 Hispaniae,
411 3363 552 3416 Balearicae
596 3381 645 3434 per
652 3373 748 3413 teretes
755 3379 910 3425 mucrones,
918 3359 1024 3412 dolones
1031 3360 1093 3423 diei;

43 3448 164 3511 minori,
186 3460 212 3499 et
231 3449 340 3516 majori,
359 3459 386 3497 et
404 3444 506 3496 Ebusae.
518 3471 552 3480 -—
596 3461 716 3513 perveru
724 3439 868 3505 Sabellum,
875 3437 1094 3511 pilasignificari.

48 3526 217 3597 Tirynthius.
241 3525 265 3576 Δ
288 3524 425 3598 Tirynthia
446 3523 552 3574 civitate
631 3523 691 3574 668.
710 3523 822 3572 Indutns
835 3521 921 3592 capiti.
944 3521 1022 3573 Circa
1038 3543 1093 3576 rem

45 3609 130 3678 Argis
147 3607 249 3670 vicina,
265 3607 293 3656 in
309 3623 362 3676 qua
378 3605 493 3654 nutritus
513 3615 553 3652 est
596 3603 803 3656 Grammaticam
820 3602 952 3652 monearis
968 3603 996 3653 in
1011 3605 1095 3678 Virgi-

46 3686 189 3739 llercules.
201 3685 270 3737 Serv.
595 3683 632 3734 lio
650 3681 730 3754 capiti
748 3699 803 3732 non
820 3698 876 3732 esse
895 3679 1026 3748 dativum,
1047 3685 1095 3736 sed

86 3767 149 3830 664.
164 3763 225 3816 Pila
236 3782 327 3814 mann.
340 3761 430 3814 Pilum
442 3763 551 3833 proprie
596 3781 657 3815 vere
669 3759 828 3812 ablativum:
842 3759 917 3830 quasi
925 3757 1009 3826 dicat,
1018 3762 1095 3814 indn-

46 3860 90 3900 est
105 3845 187 3897 hasta
199 3847 334 3907 Romana,
353 3855 383 3892 ut
391 3841 552 3914 pesa‘Gallo·
598 3855 637 3894 tns
648 3840 744 3912 capite;
760 3852 819 3904 aut,
835 3839 940 3892 indutus
954 3841 980 3890 in
993 3843 1094 3913 capite.-

46 3945 125 3990 rum,
145 3925 239 3977 sarissa
255 3921 441 3992 Macedonum.
456 3951 490 3960 —-
501 3921 554 3972 Do·
597 3934 699 3974 veteres
717 3921 894 3972 enimomnes
911 3920 1041 3973 ablativos
1058 3925 1097 3977 ita

48 4009 135 4061 loires.
146 4006 215 4060 Dolo
226 4019 264 4060 est
274 4003 421 4078 flagellum,
431 4004 502 4055 intra
512 4023 556 4055 cu·
600 4001 736 4054 finiebant.
744 4001 782 4053 De
791 4001 978 4052 terminatione
987 4001 1097 4056 ablativi

126 4097 150 4150 6,
882 4087 915 4138 30
