2692 4594
350 357 404 420 IN
428 359 664 429 AENEIDOS
687 364 779 428 LIB.
805 367 879 430 111.
1074 369 1133 466 197

79 466 253 532 celeritatis
267 473 335 534 vela
346 491 448 554 vocet,
460 481 619 563 possisque
632 484 762 567 implere
775 487 910 550 secundo
922 487 1016 552 ¹vento
1026 514 1136 556 secun·

83 557 145 618 dos
158 561 301 624 velorum
314 568 410 629 sinus.

125 643 198 718 458.
213 652 304 712 Ratio
321 675 378 715 cur
392 658 457 716 istae
473 677 568 718 morae
582 659 732 722 faciendae
746 687 753 722 ι
770 685 843 724 nam
856 666 909 726 illa
922 667 979 728 tibi
993 671 1135 754 expediet,

82 733 271 815 declarabit,
282 741 388 804 futura
397 747 494 808 Italiae
504 745 602 824 bella;
613 749 738 812 docebit
747 765 791 827 te,
804 755 850 814 uti
861 753 1025 838 fugiendus
1035 760 1135 836 labor,

80 821 131 880 uti
142 821 307 888 ferendus:
324 831 411 892 dabit
423 835 480 894 tibi
494 857 617 896 cursum
630 840 812 900 secundum.

124 909 196 985 461.
210 915 375 1000 Epilogus,
393 945 456 1004 quo
470 922 510 983 ab
523 923 655 987 honesto
674 950 777 988 rerum
789 951 943 994 summam
957 934 1135 1013 concludit,

79 999 127 1058 sic
135 999 294 1068 hortando
304 1033 310 1067 ι
321 1010 369 1070 fer
379 1013 417 1072 ad
428 1012 542 1074 aethera
549 1015 675 1097 Trojam
683 1021 840 1100 ingentem
851 1021 937 1082 lactis
946 1025 1134 1104 ingentibus.

122 1087 194 1164 463.
208 1098 300 1159 Recte
315 1103 422 1184 effatam
433 1126 505 1164 cum
518 1121 655 1188 respectu
676 1110 714 1169 ad
731 1109 810 1184 lata,
828 1133 896 1192 quae
911 1115 1078 1196 cecinerat3
1094 1115 1134 1174 ad

80 1199 182 1260 quarn
193 1207 258 1247 rem
269 1194 435 1255 commode
446 1199 600 1278 praecessit
607 1213 684 1260 vates
688 1225 700 1274 ,-
709 1221 783 1260 nam
795 1215 876 1262 vates
886 1201 1001 1264 fantur.
1012 1205 1048 1264 ln
1059 1225 1133 1264 voce

80 1288 134 1329 ore
145 1289 267 1337 nonest
277 1280 483 1360 pleonasmus.
497 1286 616 1346 Cecinit
626 1309 674 1348 ore
684 1310 749 1349 non
760 1291 858 1366 notis,
870 1312 935 1350 non
946 1293 1056 1372 signis,
1067 1313 1134 1352 non

77 1356 170 1420 foliis
182 1385 189 1421 ε
203 1367 298 1428 talem
311 1391 344 1431 se
358 1375 448 1452 gessit
462 1376 584 1455 qualem
596 1380 747 1459 potuisset
759 1381 867 1440 AEneas
880 1394 1003 1462 optare,
1013 1394 1046 1468 ¹et
1058 1403 1133 1464 qua-

76 1446 144 1509 lem
161 1455 254 1517 vellet
267 1460 417 1544 Sibyllam
429 1463 558 1542 habere3
574 1467 644 1529 ideo
658 1471 841 1530 attributum
853 1474 961 1532 amico.

122 1540 193 1617 464.
210 1541 385 1630 Amplificat
399 1555 482 1623 dona
495 1579 512 1616 a
526 1561 670 1636 materia,
686 1563 760 1642 quia
772 1583 807 1620 cx
820 1583 913 1637 auro,
926 1563 1000 1642 quia
1012 1584 1047 1622 ex
1059 1561 1132 1623 ebo·

78 1647 134 1687 re:
150 1651 169 1688 a
183 1631 300 1714 forma,
317 1642 389 1720 quia
402 1640 480 1702 ebur
493 1643 553 1705 hoc
565 1661 681 1707 sectum
693 1647 900 1729 politumque.
916 1652 1046 1710 Locutio
1061 1670 1135 1731 poe·

79 1715 144 1774 tica
157 1730 211 1779 est.
230 1723 322 1786 Dona
335 1731 418 1788 enim
430 1735 582 1812 qraviaex
593 1755 679 1809 aam,
695 1748 767 1796 sunt
784 1736 868 1796 dona
887 1758 922 1796 ex
940 1759 1016 1798 auro
1031 1739 1134 1817 gravi,

78 1802 143 1860 nisi
155 1808 225 1884 quis
237 1811 325 1888 velit,
340 1815 374 1875 in
387 1816 447 1877 alia
459 1822 588 1879 materia
601 1821 743 1881 additum
757 1824 824 1882 auri
837 1823 961 1904 pondus
974 1848 980 1882 :
992 1827 1134 1905 stipatque

76 1892 191 1951 carinis
201 1897 309 1978 Inpens
318 1917 488 1984 arqentam3
502 1905 629 1968 adducit
641 1909 680 1968 ad
692 1908 827 1984 carinas,
841 1909 1039 1992 confecitque
1053 1911 1133 1972 mul-

77 1989 149 2038 tum
160 1985 285 2062 pondus
295 1994 362 2051 auri
372 2008 465 2077 atque
474 1999 610 2078 argenti,
624 1999 709 2079 quod
720 2000 864 2080 Trojanis
877 1999 929 2060 det
940 1999 1036 2060 dono.
1047 2003 1132 2078 Quid

75 2073 249 2146 praeterea?
259 2073 370 2140 lebetas.
387 2083 451 2142 Hos
461 2105 479 2142 a
489 2084 558 2145 loco
567 2085 777 2161 commendat,
786 2100 873 2146 erant
880 2089 964 2146 enim
973 2087 1131 2149 Dodonaei:

77 2151 154 2214 ideo
166 2161 258 2220 etiam
266 2166 425 2244 Dodonaei,
436 2183 471 2229 ut
480 2169 609 2232 haberet
618 2174 729 2232 AEncas
737 2173 891 2252 ferretque
901 2194 1003 2234 secum
1013 2174 1134 2234 domes-

77 2241 183 2303 ticum
197 2251 369 2314 oraculum.
388 2256 549 2338 Sequitur,
569 2260 705 2318 Loricam
720 2271 880 2319 camertem
897 2258 992 2318 hantis
1003 2281 1132 2342 auroque

77 2327 216 2394 trilicem.
233 2339 327 2399 Dedit
346 2341 392 2400 illi
409 2343 540 2402 loricam
558 2343 658 2403 hamis
678 2357 866 2420 consertam,
885 2347 935 2404 cui
950 2367 1006 2427 per
1020 2345 1131 2408 hamos

76 2418 300 2488 discurrebant
310 2431 392 2489 trina
406 2431 477 2491 licia
490 2452 600 2507 aurea,
612 2433 750 2514 primum
763 2431 802 2494 ad
814 2433 1046 2524 fortitudinem,
1059 2437 1131 2498 alte·

75 2528 152 2568 rum
169 2511 207 2570 ad
221 2514 421 2596 elegantiam:
437 2519 486 2578 vel
501 2522 559 2579 erit
571 2523 597 2580 ἓν
609 2521 651 2579 διὰ
660 2523 743 2599 δυοῖν,
756 2519 814 2580 hac
826 2525 994 2600 sententia3
1004 2529 1130 2586 erattri·

75 2596 150 2679 plex
165 2599 243 2660 ordo
258 2602 426 2665 hamarum
442 2627 618 2668 aureorum.
632 2607 752 2669 Clarius
767 2631 774 2667 :
787 2609 886 2669 lorica
897 2625 962 2670 erat
975 2614 1064 2673 trilex
1077 2614 1131 2673 ha-

77 2688 139 2747 mis
153 2693 339 2772 auroque'id
355 2707 412 2769 est,
425 2693 525 2756 hamis
538 2699 648 2757 aureis.

116 2773 187 2850 468.
203 2780 276 2854 Post
287 2779 432 2856 loricam,
446 2803 514 2864 quae
528 2782 567 2843 ad
577 2783 729 2844 tuendum
740 2805 852 2865 corpus
863 2799 893 2846 et
902 2797 1020 2867 pectus,
1031 2791 1130 2868 sequi-

73 2877 129 2926 tur
139 2883 360 2930 ornamentum
369 2873 493 2953 capitis:
505 2871 558 2931 dat
569 2875 652 2932 enim
664 2875 766 2932 AEneae
777 2873 913 2954 galeam,
924 2875 972 2934 cui
984 2888 1131 2936 suaserat

75 2976 190 3031 conus;
206 2978 285 3018 cono
298 2963 409 3036 cristae3
422 2963 520 3022 cristis
532 2983 647 3022 comae:
662 2960 728 3023 haec
740 2975 784 3023 est
797 2966 964 3039 sententia;
976 2964 1027 3024 sed
1038 2965 1127 3026 Maro

72 3065 132 3104 suo
149 3066 250 3123 more,
265 3048 368 3125 idest,
382 3052 519 3132 poetico,
536 3073 601 3112 rem
614 3066 761 3114 exornat:
781 3054 870 3135 galea
882 3053 995 3114 dicitur
1007 3055 1129 3135 insiqnis

74 3157 93 3194 a
106 3137 220 3211 cristis,
235 3154 388 3218 quaesunt
401 3142 435 3200 in
448 3161 528 3202 cono
540 3165 547 3201 ε
560 3156 605 3202 est
615 3164 706 3204 conus
716 3166 787 3226 pars
799 3143 853 3204 illa
866 3145 899 3206 in
912 3143 999 3224 galea
1010 3143 1128 3224 promi-

73 3245 169 3301 nens,
183 3229 234 3286 cui
251 3231 332 3309 parti
349 3227 469 3292 haerent
489 3234 606 3294 cristae:
621 3247 778 3316 postrema
792 3253 952 3294 armorum
968 3251 1127 3292 commen·

109 3423 172 3490 461.
183 3423 327 3492 Hoeesant,
338 3441 492 3500 qaoenostra
502 3431 578 3484 liceat
619 3432 723 3504 qmaia,
740 3450 771 3496 a,
789 3430 926 3484 finalitatis
942 3429 1047 3481 ratione
1058 3447 1123 3501 pro-

72 3513 98 3554 te
118 3521 180 3554 voce
201 3501 308 3556 moneri.
337 3509 407 3561 Beue
427 3529 487 3562 cum
510 3530 576 3582 prae·
621 3510 743 3561 duciturs
756 3509 881 3561 sedeatis
894 3525 1005 3579 aspare:
1020 3527 1082 3560 nam
1095 3511 1123 3562 in

71 3583 237 3654 scriptione,
247 3602 281 3637 ne
292 3585 429 3640 falsidicus
439 3590 481 3642 vel
488 3592 576 3642 minus
621 3589 722 3640 nullam
732 3600 926 3640 consonantem
936 3587 1043 3640 desinit.
1051 3589 1122 3641 Sem.

72 3663 179 3738 peritus
191 3677 287 3733 postea
299 3679 448 3736 putaretur.
463 3669 533 3721 Serv.
656 3667 717 3738 467.
732 3668 859 3719 Loricam.
872 3667 905 3718 Et
918 3667 991 3719 dona
1004 3685 1063 3738 quae
1075 3688 1124 3721 au-

110 3741 172 3810 464.
185 3743 263 3794 Dona
272 3744 374 3798 debinc.
387 3749 447 3799 Mos
456 3762 576 3802 veterum
621 3760 702 3818 geant
714 3765 775 3798 suas
788 3766 853 3818 opes
866 3745 926 3812 dat,
941 3759 968 3800 et
980 3766 1012 3800 ea
1025 3747 1123 3819 quibus

72 3836 296 3892 representatur,
308 3829 353 3898 qui
361 3825 489 3880 abeuntes
500 3828 577 3882 donis
622 3846 650 3880 se
660 3827 694 3879 ab
703 3826 781 3880 hoste
793 3841 909 3894 tutetur,
923 3840 949 3881 et
960 3831 1051 3881 omnia
1062 3847 1124 3880 cum

71 3902 319 3972 prosequebantur.
327 3933 361 3946 ·-
369 3907 472 3958 Gravia.
481 3909 577 3959 Utrum
622 3905 721 3958 decoro
730 3927 736 3957 ε
745 3911 775 3958 'et
784 3906 851 3958 dicit
861 3925 936 3959 arma
945 3907 1027 3960 fuisse
1037 3907 1108 3959 illius

72 4000 173 4049 aurea,
191 4001 225 4034 an
238 3985 335 4055 quihus
347 4005 401 4038 non
414 3989 476 4039 totis
489 3989 576 4040 aureis
622 3989 668 4058 qui
680 3988 788 4058 Trojam
798 3989 912 4055 vicerat,
925 3999 955 4038 ut
967 3989 1000 4039 sit
1012 3985 1121 4076 insulta-

74 4059 169 4112 addito
182 4079 248 4114 aura
260 4065 367 4137 pondus
380 4069 539 4122 accesserit?
550 4080 576 4122 ct
620 4069 673 4136 tio,
691 4087 765 4122 arma
777 4069 875 4121 victum
889 4068 959 4120 ferre
971 4067 1084 4118 victoris.
