2676 4602
320 291 372 364 lu
396 289 631 364 nucleos
654 294 747 361 mn.
771 293 811 360 v.
1020 306 1082 394 287

22 416 208 492 bus3'urbs
226 431 292 482 tota
309 419 397 480 ardet
415 419 577 493 incendi03
598 417 707 479 AEneas
726 419 849 478 interim
866 431 959 480 certus
970 425 1082 504 eundi,
1189 463 1196 478 .

16 501 102 587 jam
115 501 268 568 classeiter
278 507 392 569 tenebat
401 507 542 582 medium,
559 505 844 589 secubutpuefluetns
857 519 933 568 atros
941 508 978 569 ab
989 515 1085 594 Aqui·

28 588 291 691 terremtatem
303 599 426 672 moem'a,
441 617 506 677 quoe
516 593 663 658 collucent
667 595 798 678 flammis
809 593 914 656 Elissae
914 594 982 679 jam
992 599 1088 684 infeli·

25 699 89 740 ers.
106 679 186 740 Vide
197 683 306 758 etiam,
325 703 420 764 quam
437 704 552 764 magna
569 695 841 764 repraesententur,
859 696 890 744 et
906 685 961 746 illa
976 687 1087 751 formi-

28 765 148 828 danda
162 791 169 826 z
186 770 220 832 in
232 772 312 832 mari
326 785 372 830 est
385 781 565 852 tempestas,
578 771 711 830 flammae
725 772 759 830 in
771 770 858 830 urbe.

74 854 110 930 lr-
123 857 198 918 Non
209 873 291 919 earet
302 858 485 920 difficultate
498 861 650 920 sententia
659 859 774 919 borum
788 879 943 922 versuum.
953 861 1034 924 Mihi
1044 869 1089 924 vi-

30 965 113 1004 sum
127 967 218 1028 posse
232 949 378 1032 explicari
396 962 520 1031 poetam
539 947 747 1009 subordinatis
766 948 970 1028 dictionibus,
989 967 1023 1012 ut
1039 953 1091 1016 hic

32 1039 283 1117 repraesentabo.
293 1043 378 1101 Latet
385 1060 474 1102 cama
484 1051 667 1122 quoetcntum
675 1042 770 1122 iqnem
782 1039 961 1101 accenderit:
971 1043 1092 1126 sedpec·

32 1136 110 1182 tora
119 1127 295 1190 Teucrorum
303 1128 424 1204 ducunt,
432 1127 466 1189 id
475 1141 520 1189 est
527 1129 691 1205 estimant,
699 1129 913 1209 peraapurium
921 1132 997 1190 triste
1005 1131 1090 1194 flam·

31 1234 169 1276 marum
177 1239 253 1299 quas
263 1219 379 1296 vident,
387 1219 459 1302 quid
467 1221 587 1302 possint
595 1217 706 1278 dolores
716 1217 782 1278 duri
794 1237 893 1279 amore
902 1240 1022 1302 meque,
1029 1221 1092 1306 pot·

38 1299 119 1378 luto,
131 1305 268 1384 violato,
278 1307 445 1392 deindeque
451 1322 553 1370 notum
562 1309 689 1384 illisest,
703 1306 1093 1393 quidpossitfiminafirrens
1112 1293 1115 1300 ¹

33 1411 154 1453 amore
163 1408 391 1480 contemptore.
399 1399 508 1479 ltaque
518 1399 672 1458 sententia
682 1398 754 1470 erit;
764 1393 915 1476 Trojanos
925 1417 1028 1460 secum
1037 1400 1094 1462 du·

34 1502 128 1584 cere,
139 1495 171 1544 et
183 1488 349 1564 aestimare,
364 1487 440 1569 quid
458 1490 556 1570 possit
570 1487 703 1547 violatus
722 1499 750 1546 et
769 1498 965 1568 contemptus
985 1499 1092 1568 amor,

37 1571 121 1672 quid
134 1576 235 1654 possit
245 1575 351 1638 furens
360 1578 495 1638 femina:
515 1591 546 1637 et
562 1576 622 1638 boc
634 1578 786 1636 aestimant
795 1595 850 1656 per
861 1575 1010 1654 flammas,
1020 1601 1095 1662 quas

38 1659 172 1736 vident,
190 1685 321 1747 quaeque
335 1667 397 1728 illis
411 1680 483 1728 sunt
495 1669 662 1750 augurium
674 1667 761 1725 triste
779 1688 785 1723 ε
803 1677 876 1724 nam
888 1680 1023 1747 quantus
1041 1668 1095 1728 ille

40 1747 148 1823 furor,
162 1753 216 1831 qui
229 1755 334 1835 potuit
352 1749 517 1816 incendere
529 1755 636 1816 urbem
657 1751 926 1814 florentissimam?
942 1753 978 1812 ld
990 1757 1016 1814 si
1029 1775 1096 1815 nou

39 1836 185 1918 placeat,
202 1842 245 1901 sic
262 1845 411 1927 concipe:
427 1844 498 1906 duri
516 1845 639 1904 dolores
658 1842 696 1902 dc
718 1860 833 1921 magno
853 1861 958 1900 amore
976 1841 1094 1903 violato

42 1930 207 2028 concepti3
222 1943 252 1990 ct
264 1932 343 2008 illud
357 1928 442 2016 quod
461 1935 568 1995 furore
582 1943 722 2014 correpta
735 1931 848 1990 mulier
860 1941 962 2011 potest
976 1931 1096 2007 facere,

41 2029 212 2117 cognitum
224 2031 254 2078 et
263 2035 456 2104 compertum
467 2013 622 2103 Trojanis,
636 2019 701 2080 baec
713 2019 821 2079 omnia
833 2016 961 2078 illorum
973 2020 1095 2080 animos

43 2117 205 2184 pertriste
219 2113 384 2189 augurium
400 2111 571 2185 deducunt3
592 2109 624 2169 id
640 2121 700 2184 ast,
718 2110 804 2167 triste
823 2105 942 2186 aliquid
954 2110 1099 2188 augurari

44 2194 173 2255 faciunt
187 2195 342 2276 derebus,
358 2213 412 2262 ant
422 2203 487 2261 vita
499 2200 641 2260 Didonis.
655 2197 810 2256 Ultimum
829 2194 914 2254 bunc
925 2215 1048 2255 sensum
1061 2195 1098 2255 li-

44 2277 163 2342 benter
173 2287 380 2367 praetulerim!

88 2372 119 2430 8.
134 2370 196 2430 Ubi
210 2387 365 2454 protecte
377 2394 469 2434 naves
484 2373 518 2433 in
530 2374 629 2432 altum
647 2381 736 2446 sunt,
749 2368 781 2429 id
795 2369 880 2428 enim
896 2380 940 2428 est
952 2363 1098 2451 pelagus:

46 2455 938 2544 indesequitur3nonjamtellusapparet;tantumcaeium
948 2457 1097 2538 undique,
1201 2475 1203 2480 ’

47 2563 79 2612 et
91 2565 211 2632 pontus
223 2551 371 2634 undique.
385 2555 472 2614 Tunc
485 2561 664 2634 tempestate
677 2551 784 2610 AEneas
795 2546 973 2607 invaditur:
990 2567 1053 2608 nox
1069 2562 1099 2608 et

48 2635 163 2721 hyems
176 2653 276 2722 ponto
291 2640 459 2718 incubant,
473 2642 568 2703 undoe
579 2641 714 2701 tenebris
726 2637 953 2698 inhorrescunt.

96 2751 145 2790 12.
160 2731 222 2789 Dat
234 2732 350 2812 primas
364 2731 483 2792 doloris
497 2743 597 2812 partes
614 2727 814 2810 gubernatori
834 2745 870 2783 ex
885 2741 1001 2802 magno
1017 2722 1100 2803 judi·
1122 2745 1126 2750 ·

52 2821 120 2894 cio,
135 2818 208 2878 ideo
226 2821 284 2900 ipse
295 2825 440 2900 ἐμφατικῶς.
457 2821 565 2900 ltaque
580 2820 699 2898 primus
715 2814 931 2893 conqueritur,
950 2831 1005 2870 cur
1019 2813 1099 2870 tanti

52 2908 159 2968 nimbi
178 2905 287 2967 caelum
304 2909 471 2980 cinxerint3
492 2907 642 2966 convertit
662 2923 693 2961 se
713 2899 826 2960 deinde
846 2897 1100 2979 indignabundus

53 2999 94 3060 ad
107 3001 311 3081 Neptunum:
326 2997 407 3058 fiunt
417 2997 485 3058 baec
494 2993 596 3056 verbis
609 2991 815 3076 paucissimis,
827 2990 920 3050 etiam
931 2989 956 3048 si
969 3007 1100 3069 magnus

56 3199 125 3252 Vide
137 3211 204 3250 tom.
218 3197 267 3261 ΠΙ,
280 3213 341 3269 pag.
355 3213 370 3248 a
382 3208 408 3248 et
418 3195 443 3248 3.
454 3223 489 3235 -
500 3195 558 3246 Me·
602 3191 681 3262 cipue
694 3207 777 3261 quum
789 3187 887 3240 amoris
900 3185 998 3237 exitum
1011 3180 1102 3234 infeli·

54 3272 559 3347 dium.Autmediumestquicq11ida
602 3289 660 3323 cem
679 3271 806 3334 sortitur,
823 3283 905 3338 quum
923 3262 1042 3328 luditur,
1058 3262 1102 3314 vel

55 3359 194 3431 principio
203 3355 316 3422 recedit,
325 3355 472 3409 etnecdum
479 3353 558 3406 tinem
602 3360 756 3420 contempta
765 3345 898 3400 erubescit
908 3364 915 3393 ε
926 3341 959 3394 de
969 3340 1066 3394 Medea
1075 3349 1103 3394 et

56 3442 184 3494 sortitur:
196 3449 242 3488 aut
251 3436 378 3501 mediam,
389 3437 427 3486 sic
438 3433 520 3486 altum
529 3444 559 3482 ut
602 3429 660 3482 aliis
672 3427 760 3479 dicam
771 3424 846 3478 nibil.

57 3519 178 3572 medium
187 3528 311 3588 putares:
325 3509 560 3581 «ut,·Graditur-
643 3525 667 3580 7.
691 3507 848 3564 Teucmrum
869 3512 973 3574 pectora
993 3500 1099 3554 ducunt.

59 3619 114 3672 que
126 3614 275 3669 persequor
286 3592 477 3646 Jammedium.
488 3613 501 3639 u
510 3591 559 3642 Hic
603 3588 676 3641 Sicut
684 3585 784 3638 dictum
792 3577 1102 3654 estproptervisasflam·

59 3679 94 3731 de
106 3676 197 3730 media
208 3679 281 3728 sinus
288 3673 330 3728 vel
340 3687 459 3724 secessus
467 3671 560 3720 Punici
603 3685 660 3720 mas
670 3663 791 3737 rogales,
805 3679 863 3734 quae
870 3660 969 3713 malum
976 3661 1102 3733 navigan»

61 3771 139 3832 parte
151 3751 354 3828 intelligendum
365 3762 413 3802 est.
492 3748 495 3753 ’
603 3746 675 3798 tibus
694 3761 772 3794 omen
793 3740 930 3806 afficiunt,
951 3751 978 3793 et
992 3739 1101 3809 Trojani

97 3841 124 3893 6.
138 3839 303 3910 Notumque,
309 3833 403 3906 furens
413 3828 561 3902 quidferni-
605 3826 777 3899 auguriorum
791 3821 870 3894 periti
888 3831 965 3882 sunt;
981 3837 1044 3872 nam
1055 3838 1101 3872 ne·

63 3941 98 3972 na
105 3919 193 3993 ponit.
205 3915 279 3969 Nihil
289 3932 344 3967 uon
357 3910 438 3964 audet
448 3909 561 3976 femina,
606 3925 658 3978 que
665 3904 700 3958 ad
706 3901 809 3955 ltaliam
816 3901 941 3966 veniunt,
953 3912 1049 3952 etmox
1056 3917 1102 3952 na-

63 3999 140 4053 aar
153 3993 322 4065 &carpunt
327 3987 488 4056 Menander,
497 4007 562 4059 prar-
605 4003 651 4042 ras
662 3981 786 4038 incendio
800 3983 930 4036 amittunt.
940 3979 1010 4032 Serv.
1092 3991 1094 3996 ’
