2676 4602
345 255 769 334 comunionem.
795 259 858 322 iv.
1051 279 1124 353 279¹

117 377 189 440 660.
201 381 278 458 Quae
291 401 353 442 esse
365 390 465 464 potest
476 379 573 460 digna
587 378 664 438 ultio
682 391 770 439 tanto
787 371 1018 460 flagitioi‘mori
1032 382 1119 460 volo,

74 486 135 527 uec
149 471 235 530 enim
249 471 338 532 aliter
349 471 411 532 elui
425 469 524 530 scelus
537 479 644 550 potest.
664 471 788 550 Pergit„
800 471 850 530 Sic
861 473 902 530 sic
909 467 1000 553 juvat
1010 475 1050 534 ine
1067 472 1119 534 neb

74 553 206 618 umbros.
221 555 280 618 dlii
289 558 458 641 placidius,
473 559 638 640 mitiusque
650 560 824 619 morientur
832 581 845 631 3·
854 557 932 618 mihi
940 561 983 618 sic
991 562 1035 620 ire
1044 581 1125 622 cou-

73 644 184 704 veniat
197 647 385 708 truculenter
396 660 426 706 et
439 645 515 706 dire.

117 733 188 796 661.
206 737 463 811 Haurit-coculis,
478 757 551 816 pro,
564 734 700 796 videndo
719 737 892 800 satisfacere
911 759 973 800 suae
990 735 1121 800 crudeli-

75 823 151 898 tati,
163 845 234 886 vere
244 828 403 908 poeticum
414 837 468 888 est.
482 824 563 888 Dido
576 823 657 900 vult,
672 839 710 886 ut
716 848 799 888 mors
808 849 862 888 sua
873 831 959 890 triste
970 832 1009 889 sit
1020 831 1120 890 AEneae

76 918 243 1000 naviganti
256 941 363 995 omen,
379 930 409 980 et
422 915 557 1000 perfidus
576 915 680 976 videat
698 917 737 976 ab
758 917 828 978 alto*
843 920 925 978 mari·
934 918 1040 979 fatales
1053 917 1126 997 rogi

74 1001 281 1082 flammas‚in
292 1029 355 1090 quo
368 1029 399 1068 se
409 1005 574 1081 interficis.
583 1016 613 1064 et
625 1025 699 1066 mox
708 1005 904 1067 cremabitur.
1126 1069 1127 1072 ,

116 1096 188 1158 663.
201 1097 237 1158 ln
249 1095 309 1159 hoc
320 1111 460 1181 tempore
473 1095 658 1156 sibilenum
666 1096 830 1178 applicuit,
843 1108 1009 1179 pectusque
1019 1107 1124 1156 trans·-

76 1179 180 1245 fodit:
197 1183 289 1266 hujus
304 1187 383 1248 ic'tus
399 1185 509 1268 triplex
522 1195 595 1245 nota
603 1184 786 1260 31vi'delicet‚
805 1183 952 1265 collapsio
971 1180 1125 1244 membro·

77 1285 166 1348 tum3
184 1275 307 1356 gladius
319 1297 427 1336 cruore
441 1295 603 1357 spumans,
624 1293 856 1356 manussparsae
866 1274 1050 1356 jactataque
1063 1271 1131 1332 huc

76 1359 172 1436 illuc,
186 1375 225 1424 ut'
235 1387 302 1426 mos
311 1377 357 1425 est
366 1364 576 1424 morientium.

118 1449 334 1516 ossnxhibn
346 1453 442 1513 mirus
454 1461 545 1534 poeta
560 1470 627 1510 rem
639 1469 729 1532 paenc
746 1450 910 1530 tragicam,
921 1459 1009 1510 tanto
1019 1467 1127 1510 rerum·

75 1548 110 1596 et
122 1539 296 1602 verborum
310 1553 476 1623 apparatu,
497 1559 590 1621 quem
611 1559 732 1598 necesse
750 1548 819 1598 erat
826 1537 973 1619 consequi
990 1551 1125 1598 atrocem

74 1642 215 1690 mortem
228 1633 354 1713 Reginae
364 1652 378 1690 s
389 1631 490 1692 oratio
504 1649 624 1710 semper
641 1629 748 1688 crescit
763 1650 770 1686 :
786 1628 924 1709 primum
943 1628 1028 1688 enim
1042 1629 1125 1686 intra

75 1721 157 1779 atria
168 1720 397 1801 reginauditur
406 1720 525 1780 clamor
536 1739 630 1778 :mox
642 1717 728 1778 fama
739 1737 795 1799 per
807 1716 918 1776 urbem
926 1715 1102 1778 vbacchatur
1115 1733 1128 1774 :¹

77 1827 116 1868 ex
129 1809 208 1870 urbe
222 1809 357 1872 lamenta
370 1821 537 1891 penetrant
556 1811 591 1868 in
605 1808 684 1870 aedes
701 1804 966 1887 uuiuscujusques
979 1809 1024 1867 sic
1040 1807 1130 1868 enim-

76 1897 222 1980 intelligo
238 1898 605 1982 tectofremunt5·demum
619 1918 708 1957 voces
724 1897 867 1956 omnium
882 1895 1014 1958 dissonae
1027 1897 1061 1956 in
1071 1915 1128 1956 cae·

74 1984 146 2046 lum
160 2003 253 2048 eunte
261 1991 325 2050 Hos
338 1988 467 2050 affectus
479 1999 608 2068 augent,
627 2005 697 2068 qnae
711 2007 784 2048 mox
796 2000 968 2067 sequuntur
979 2007 1058 2047 :non
1070 1983 1128 2046 ati·

77 2086 136 2147 ter,
153 2087 208 2135 etc.
223 2075 280 2136 Sed
300 2075 526 2156 quibusverltis
541 2073 588 2136 hae
606 2075 765 2134 sementim
783 2073 1017 2154 eiprimunturi’
1032 2071 1136 2133 Audis-

75 2162 247 2226 clamorem
260 2168 293 2225 in
308 2162 625 2236 atriis;.bacchantem
639 2164 756 2222 famam
768 2175 867 2237 precra
880 2162 1060 2234 frementia3
1080 2181 1129 2221 re-

75 2261 242 2314 sonantem
257 2250 404 2313 oetlierem
417 2250 681 2332 raddeadjuncta
695 2249 774 2324 alia,
793 2250 968 2329 qnaeetiam
979 2245 1126 2308 horrida:

75 2336 156 2416 quid
172 2339 254 2398 enim
268 2360 332 2400 non
346 2337 420 2398 mali
432 2339 589 2418 concipies
599 2357 637 2397 'ex
652 2335 731 2396 urbe
741 2355 906 2411 concussa,
917 2355 953 2396 ex
966 2333 1128 2408 lamentis,

76 2431 217 2510 gemitu,
236 2429 375 2501 ululatu,
392 2426 622 2508 plangoribus?
633 2428 706 2486 Hac
726 2426 812 2486 enim
824 2433 889 2484 tam
903 2424 1023 2484 insueta
1036 2421 1132 2483 debe·

75 2516 158 2578 bant
167 2540 233 2580 non
246 2519 308 2578 nisi
320 2538 425 2578 casum
437 2528 506 2577 taniv
517 2518 674 2586 insuetum
689 2513 847 2595 consequi.
864 2551 874 2563 ·-

117 2607 187 2690 672.
196 2610 247 2668 Fit
255 2609 341 2667 Anna
352 2607 513 2681 exanimis,
521 2605 650 2666 audiens
658 2605 866 2664 exanimatam
875 2623 1023 2676 sororem,
1033 2622 1128 2682 quam

76 2697 240 2776 praeclare!
260 2695 322 2756 hoc
344 2696 638 2767 nuntioexterrita,
658 2713 725 2750 non
741 2689 857 2763 haerete
872 2707 966 2770 quem
985 2689 1137 2750 affectum*

75 2779 626 2864 aliuspotioremputasset3sedrnit3
637 2776 833 2857 nequeenim
845 2784 951 2833 tantus
960 2785 1060 2833 terror
1071 2777 1130 2834 im·
1202 2851 1206 2865 ι

75 2871 189 2953 pediu,
198 2895 260 2953 quo
273 2873 376 2931 minus
387 2869 578 2941 convolaret,
589 2869 615 2926 si
627 2877 733 2947 posset
739 2859 832 2946 ope'm
842 2861 954 2922 afferre
965 2884 971 2919 :
985 2863 1050 2920 ruit
1059 2883 1138 2925 vero·

76 2979 135 3042 per
147 2959 267 3020 medios
281 2961 375 3032 cives3
392 2979 454 3038 quo
469 2957 567 3036 magis
580 2953 738 3013 extollitur
753 2969 906 3011 successus
916 2947 969 3008 hic
981 2951 1137 3032 tragicus:

78 3061 125 3108 est
138 3047 224 3108 enini
243 3046 394 3130 quiddam
409 3037 561 3126 magnum
573 3063 697 3102 cernere
717 3042 883 3124 primatem
895 3036 1046 3097 feminam
1058 3058 1132 3098 con·

77 3139 239 3201 volantem
250 3159 304 3219 per
314 3125 484 3220 impeditas
493 3133 609 3214 civium
623 3131 747 3194 turbas:
758 3127 824 3212 jam
837 3129 861 3188 si
877 3127 1050 3204 consideres
1062 3147 1138 3188 eane
1196 3149 1198 3154 ⁴

77 3226 253 3290 foedantem
264 3247 318 3287 ora
329 3224 503 3306 unguibus,
517 3234 546 3298 et
557 3222 673 3304 pugnis
683 3233 808 3304 pectora
818 3265 826 3294 ‚
837 3237 1037 3298 sororemque
1047 3237 1133 3278 suam

78 3318 212 3381 nomine
225 3311 463 3384 inclamantem
478 3307 539 3368 hoc
553 3328 647 3391 porro
659 3313 862 3388 πραγικὼτατον.

118 3497 182 3552 662.
195 3498 336 3548 Etnortroe
345 3494 509 3565 secumfe'mt
520 3493 588 3543 omi·
633 3504 690 3542 tum
707 3487 823 3551 viderit,
840 3483 888 3538 sed
905 3481 980 3535 illam
994 3479 1140 3536 cadentem·
1193 3545 1198 3553 λ

80 3597 119 3630 nu
132 3577 230 3629 mortio.
249 3575 285 3627 Ut
301 3577 398 3628 AEneas
415 3591 523 3644 quoque
540 3590 589 3642 per
634 3578 803 3642 aspexerunt.
816 3565 913 3616 Donat.
969 3580 971 3588 ·

80 3659 138 3709 vim
154 3656 284 3707 maturius
301 3653 397 3718 obeam
414 3665 440 3704 et
460 3651 529 3702 bene
545 3652 589 3701 iu·
670 3650 730 3720 669.
745 3648 808 3700 Non
820 3643 911 3708 aliter,
922 3653 972 3695 etc.
985 3641 1077 3696 Allndi
1087 3661 1135 3715 pu·

80 3738 176 3790 fausta
195 3735 285 3786 omina
303 3733 467 3803 imprecatur
482 3731 526 3794 ei,
543 3732 590 3800 qui
634 3740 692 3780 tant
709 3725 745 3779 ad
756 3725 933 3796 direptionem
949 3721 1135 3796 Carthaginis,

84 3816 121 3870 ad
131 3812 412 3885 noviregniuuspicia
420 3810 588 3881 properauS.
636 3826 693 3880 quae
707 3807 781 3858 fecta
794 3815 834 3856 est
846 3804 924 3854 tertio
935 3800 1008 3853 bello
1024 3802 1133 3852 Punico.
1162 3790 1176 3810 ’

119 3894 186 3948 663.
199 3893 286 3965 Atque
304 3891 387 3944 illam.
402 3888 528 3943 Ostendit
544 3907 590 3941 ce·
633 3885 754 3940 Macrob.
767 3885 817 3950 IV,
831 3882 973 3948 6‚docet,
985 3880 1030 3933 hie
1044 3881 1145 3952 augeri·

83 3973 221 4027 leritatem
232 3973 261 4024 in
276 3970 399 4036 Didone,
413 3981 444 4021 nt
457 3969 593 4020 nemoic·
634 3962 709 4022 πίθος
725 3983 741 4017 a
756 3965 873 4032 majore:
887 3959 961 4031 quod
978 3959 1135 4026 tamen-lieri
