2700 4586
3 395 4 420 1
319 311 371 374 IN
395 309 632 376 AENEIDOS
655 310 748 376 LIB.
772 315 797 376 Ι.
1036 318 1077 397 43

3 421 4 448 ¹
71 454 137 515 ψ.
161 433 298 496 Duravit
317 429 404 492 Albae
423 432 590 512 imperium
605 453 703 494 annos
718 447 904 513 tercentum,
922 457 1019 517 usque
1038 437 1079 496 ad

3 577 4 596 ,
41 523 216 584 Romulum.
234 519 348 580 Maluit
360 533 473 600 pentem
488 523 661 584 Hectoreum
673 521 788 599 dicere,
807 546 901 608 quam
912 525 1080 606 TrojanoS,

42 611 73 670 ad
93 610 285 693 signandam
308 607 507 670 felicitatem:
530 631 604 672 nam
628 611 735 691 quales
758 616 853 695 Reges
874 615 999 688 Albani,
1024 614 1081 695 qui

43 703 147 762 virtute
159 701 263 763 futuri
276 703 376 758 instar
385 697 546 775 Hectoris?
556 701 607 762 Ait
616 699 654 764 de
664 700 733 777 Ilia,
746 725 817 784 quae
825 707 925 786 mqinu
934 702 1081 776 sacerdos,

44 793 108 871 quia
121 807 152 852 et
165 790 232 850 filia
245 791 325 870 regis
337 789 524 864 Numitorio,
540 802 571 850 et
582 791 725 852 Vestalis.

78 881 144 960 275.
160 882 319 938 Hactenus
332 875 370 934 de
383 877 491 950 AEnea,
512 891 543 936 et
556 877 682 958 regibus
697 877 840 956 Albani53
859 885 998 963 sequitur
1009 901 1081 939 nar·

45 968 168 1026 rationis
186 987 260 1048 pars
280 966 372 1026 tertia
391 985 408 1024 a
426 965 562 1028 Romulo
580 987 677 1050 usque
695 967 733 1026 ad
753 969 882 1030 lulium.
901 972 998 1050 Ergo,
1017 968 1084 1028 indo

44 1053 196 1127 Romulus,
212 1056 269 1136 qui
278 1067 383 1114 utetur
393 1051 607 1136 teqminefitluo
617 1056 736 1118 nutricis
749 1055 846 1137 lupae,
856 1061 977 1140 excipiet
989 1055 1084 1116 lurtum

3 1169 4 1192 r
45 1157 151 1222 qentcm
163 1143 372 1215 Albanorum,
384 1156 412 1202 et
421 1142 525 1202 condet
533 1145 638 1202 moenia
648 1146 811 1219 Mauortia,
822 1145 925 1221 idest,
937 1150 1085 1219 Romam,

45 1251 137 1309 quam
151 1233 277 1294 vocabit
292 1231 496 1306 Mavortiam,
518 1253 535 1292 e
552 1245 640 1312 patre
658 1232 774 1308 Marte,
794 1234 922 1316 dicetque
938 1239 1087 1295 Romanos

2 1318 6 1355 l
46 1317 77 1378 de
89 1341 142 1382 suo
157 1323 293 1382 numine:
313 1337 401 1394 nam,
421 1320 476 1402 qui
491 1321 607 1382 moenie
622 1341 640 1382 a
675 1336 754 1395 atre,
774 1337 899 1406 gentem
913 1346 931 1382 a
943 1343 975 1382 se
986 1320 1088 1381 voluit

2 1464 6 1495 ‚
46 1411 210 1471 nominari.
222 1413 322 1470 Roma
334 1410 418 1470 enim
432 1421 462 1471 et
473 1411 607 1472 Romani
620 1431 638 1468 a
651 1341 797 1474 ioman.
809 1414 913 1494 Pergit
923 1413 1087 1494 luppiter:

48 1517 100 1577 ego
116 1497 167 1561 his
182 1500 343 1560 constituo
363 1497 466 1558 nullas
482 1519 585 1562 rerum
602 1514 715 1576 metas,
735 1499 824 1564 nulla
838 1515 993 1584 tempora3
1013 1521 1088 1560 nam

48 1585 106 1644 dedi
118 1589 272 1668 imperium
281 1586 428 1667 sinefine:
440 1588 518 1667 quin
528 1588 613 1650 luno
626 1610 696 1670 quoe
704 1610 788 1652 nune
797 1589 906 1652 hostili
916 1605 962 1652 est
971 1591 1089 1664 animo,

48 1677 110 1755 ipsa
122 1675 252 1738 tandem
269 1697 394 1738 mecum
409 1679 597 1752 consentiet,
615 1691 645 1738 ot
657 1681 817 1742 Romanos
835 1681 964 1743 fovebit.
986 1677 1091 1740 Verba

3 1765 4 1776 ¹
50 1761 112 1837 illa,
125 1765 244 1846 satiqut
259 1785 354 1837 neure,
374 1779 474 1836 terreo,
493 1762 598 1826 culum
613 1779 705 1840 metu,
724 1767 882 1849 duplicem
900 1768 1090 1831 sententiam

3 1897 5 1940 t
50 1868 180 1931 possunt
193 1851 311 1914 habere
322 1877 328 1912 :
341 1854 390 1914 vel
402 1856 486 1914 luno
498 1855 593 1914 minis
608 1857 671 1914 suis
683 1859 789 1916 omnia
802 1858 900 1942 replet
911 1871 1013 1930 metu3
1024 1855 1090 1929 vel,

50 1942 153 2002 miscet
167 1943 277 2004 omnia
295 1955 325 2002 et
342 1941 520 2023 perturbet,
537 1943 611 2022 quia
629 1944 697 2025 ipse
714 1945 858 2006 metuite
875 1945 1016 2026 potentia
1029 1943 1090 2001 Ro·

2 2034 8 2115 l
50 2047 153 2104 mana,
167 2029 301 2090 sollicita
315 2029 355 2090 de
366 2051 420 2092 sua
433 2028 634 2112 Carthagine.

3 2119 4 2130 ¹
85 2119 153 2182 283.
169 2117 314 2198 Explicat
327 2117 380 2178 hie
393 2120 556 2193 victoriae,
571 2139 648 2200 quas
661 2118 712 2182 hic
725 2120 1041 2203 populushabiturus
1054 2115 1093 2174 de

50 2204 160 2267 Grecis
176 2205 324 2270 hostibus
339 2206 559 2288 Trojtmorum.
577 2211 705 2282 Domus,
727 2213 847 2290 inquit,
864 2210 1000 2271 Assaraci
1016 2205 1094 2287 (fuit

51 2291 98 2356 hie
108 2299 255 2378 princeps
267 2297 397 2358 familiae
412 2299 529 2371 AEneoe,
543 2317 562 2356 a
576 2318 639 2377 quo
654 2297 783 2379 perinde
792 2287 970 2380 augustus)
986 2306 1096 2380 premet

51 2387 173 2458 servitio,
187 2405 258 2444 vere
271 2384 347 2459 h0c;
360 2405 434 2445 nam
446 2385 485 2444 ab
499 2387 665 2463 Romanis,
680 2387 810 2447 mitibus
822 2386 982 2470 alioquin,
993 2384 1095 2448 crude·

54 2468 105 2530 lius
121 2475 294 2554 mariusque
308 2476 340 2532 in
355 2475 470 2534 Graecia
484 2470 640 2534 bellatum:
659 2473 754 2536 verba
770 2490 844 2536 suut
858 2477 953 2552 Livii,
967 2472 1023 2534 lib.
1039 2471 1094 2534 Ill.
1112 2467 1115 2474 ’

3 2563 4 2598 .
52 2559 204 2636 Phthiam,
218 2561 349 2622 Achillis
361 2564 512 2644 patriam3
524 2564 681 2643 Mycenas,
694 2566 950 2646 Agamemnonis,
963 2561 1095 2623 dominu-

2 2644 7 2711 l
55 2648 127 2710 bitur
137 2653 228 2734 Aryis
240 2654 336 2724 uictu,
353 2654 428 2732 quia
442 2650 562 2712 dixerat
573 2655 702 2729 seruiti03
723 2667 930 2736 opponuntur
941 2654 1025 2712 enim
1037 2670 1094 2711 ser·

55 2759 100 2796 uus
109 2750 140 2797 et
150 2737 302 2798 dominus:
313 2738 434 2802 dictum
446 2738 541 2800 lustris
552 2737 724 2814 tacentibus,
737 2761 795 2822 pro
806 2742 896 2802 annis
905 2732 1096 2798 labentibus.

3 2883 4 2938 1
90 2825 161 2884 286.
181 2825 235 2886 Est
249 2824 317 2906 jam
335 2828 369 2888 in
389 2847 456 2888 aevo
477 2827 555 2888 Julii
573 2827 711 2892 Caesaris.
731 2831 876 2890 Nascetur
889 2823 988 2888 Julius
1003 2823 1099 2886 Gusur

3 2941 5 2996 l
54 2984 133 3038 ducit.
147 2987 219 3038 Seru.
233 2987 302 3040 Vide
318 2991 347 3040 in
363 2988 417 3042 vol.
432 2991 472 3057 ll,
488 3007 549 3060 pag.
593 3007 659 3060 pora
673 3007 753 3060 pono.
766 2991 863 3054 Metus,
879 2987 914 3043 ad
927 2995 1098 3040 terrasretu-

3 3113 4 3128 ,
57 3066 279 3134 188,Exeursum
294 3069 366 3136 Vlll,
384 3068 483 3124 dehoc
498 3068 553 3120 Iuli
595 3069 643 3122 lit:
659 3068 801 3141 Tempora,
817 3068 853 3122 ad
871 3085 964 3122 minos.
985 3063 1099 3116 Lavinio

55 3149 219 3217 cognomine.
597 3151 667 3203 euim
687 3152 850 3211 triennium,
871 3149 945 3204 ilibas
964 3154 1099 3198 trecentos

2 3264 7 3309 ,
90 3229 147 3296 ²73·
165 3227 295 3283 Sacerdos.
312 3230 383 3297 Quia
400 3229 434 3286 ab
446 3229 553 3283 Amulio
598 3231 707 3296 srauut,
720 3232 846 3286 Romanis
861 3229 955 3283 tribuit
967 3225 1101 3278 aternita-

55 3307 138 3360 Vesta
149 3310 226 3380 virgo
242 3327 300 3362 esse
314 3313 389 3380 jussa
408 3323 464 3378 est,
480 3329 514 3367 ne
529 3313 554 3366 ei
599 3323 669 3376 tem,
689 3329 752 3380 qma
773 3309 909 3379 subjunxit
928 3329 941 3355 e
954 3303 1097 3374 Imperium

3 3415 4 3444 t
56 3387 553 3458 propteredeudemsobolemfaeultas
600 3393 655 3443 sine
668 3390 720 3442 fine
733 3390 804 3442 dedi.
818 3413 828 3435 n
843 3389 913 3440 Serv.

55 3480 120 3522 esset
132 3470 363 3540 ricuinum-Seru.
636 3488 697 3541 ²79·
709 3469 806 3542 Aspera
818 3469 898 3522 luno.
913 3464 962 3518 vet
977 3482 1057 3535 quam
1069 3474 1102 3514 tu.
1191 3523 1196 3540 Ι

88 3565 147 3618 ²77·
157 3550 390 3622 Romanosquesuo
399 3551 431 3602 de
439 3553 553 3604 nomine.
599 3568 715 3621 asperum
727 3547 810 3616 dieis,
822 3547 865 3600 vel
878 3558 963 3612 certe,
974 3557 1004 3597 ut
1013 3557 1039 3596 et
1048 3563 1100 3616 ego

55 3627 156 3680 Perire:
169 3647 226 3680 uon
240 3630 278 3684 ait
294 3631 421 3696 Romam,
439 3629 487 3684 aod
500 3631 555 3686 lio·
598 3631 693 3684 itrteor.
703 3629 801 3698 Aperte
811 3627 902 3698 pouit,
912 3625 985 3698 quod
994 3627 1099 3690 Venus,

3 3707 5 3760 l
56 3725 150 3762 manos.
175 3707 257 3764 mbo
279 3711 350 3764 enim
371 3709 443 3765 illiue
460 3727 554 3766 verum
597 3711 675 3766 unius
686 3708 718 3766 ob
731 3708 811 3773 irum,
824 3706 897 3762 dixit.
910 3707 980 3778 Ergo
999 3717 1102 3757 tantam

3 3797 4 3802 ’
56 3804 166 3851 nomen,
182 3802 264 3840 nemo
274 3787 317 3842 vel
329 3789 357 3840 in
374 3790 457 3844 sooria
468 3807 554 3846 euuu-
597 3789 752 3844 felicitatem
763 3788 919 3859 pollicetur,
932 3797 962 3838 ut
971 3787 1104 3838 acerrima-

56 3867 114 3926 tiat;
130 3883 180 3921 nee
196 3867 318 3938 Hyginus
334 3869 410 3937 ipse,
423 3885 506 3938 quum
520 3868 555 3928 ds
600 3871 723 3936 inimica,
735 3871 824 3939 posito
836 3867 917 3935 odio,
930 3867 1016 3920 amica
1027 3866 1101 3918 futu-

56 3947 105 3996 ritu
128 3945 204 4000 urbis
225 3946 397 4018 loqueretur,
416 3951 553 4019 expressit.
599 3968 630 4004 re
643 3951 686 4002 sit.
697 3949 795 4002 Donat.

2 4016 6 4049 l
90 4025 147 4091 ²78.
161 4027 217 4082 Nec
230 4035 312 4079 melas
323 4044 424 4096 rerum,
435 4046 482 4081 nee
491 4039 554 4080 tem-
636 4029 695 4085 286.
709 4031 841 4086 Nascetur.
854 4028 897 4082 Ad
909 4025 976 4078 illud
987 3993 1097 4096 respon·
