2700 4586
2 283 3 362 i
315 307 368 370 ru
392 306 627 374 aceruos
651 308 743 372 ara.
768 308 793 372 1.
1031 318 1072 398 45

36 427 123 502 dieat3
135 427 296 512 quicquid
307 430 510 490 sanciendum
520 441 564 488 est
574 429 697 509 injure,
708 431 766 490 erit
774 429 947 510 profectum
957 453 974 492 a
983 437 1075 516 Fide,

37 539 51 576 a
67 517 248 600 Religione,
274 519 462 594 aQuirino,
484 530 514 577 et
532 520 639 578 Remo.
658 519 834 598 Sequuntur
853 519 963 582 effecta
981 529 1077 604 pacis.

36 608 123 666 Portoe
136 604 222 679 betti,
237 627 307 686 quae
319 605 390 665 diroe
404 619 492 680 sunt,
506 603 678 666 claudentur
683 607 764 688 ferro
769 651 778 680 ,
793 620 821 667 et
833 611 918 668 arctis
929 615 1079 693 compagi·

38 691 82 752 lus
105 693 280 776 Templum
297 695 371 754 Jani
396 693 559 776 intelligit,
581 693 665 774 quod
687 694 824 754 clausum
846 695 903 756 suh
926 701 1078 780 Augusto.

37 780 130 841 Portae
144 797 223 842 sunt
236 782 410 862 diroe‚,qnia
422 779 488 840 haec
501 802 563 840 vox
577 793 702 862 sumpta
716 783 749 840 in
763 803 795 842 re
808 783 1033 862 abominanda,
1046 803 1079 848 et

38 869 104 926 mali
115 871 251 945 ominis;
262 871 337 930 dirae
351 870 461 950 igitur,
472 889 540 949 quae
551 867 677 928 reclusae
686 869 759 928 belli
770 890 863 930 omen
873 875 1079 935 certissimum

39 951 202 1018 habebant.
221 959 383 1038 Denique,
401 955 472 1016 vide
486 955 697 1038 hypotyposin
712 978 731 1016 a
743 959 868 1019 nemine
883 962 955 1022 satis
969 961 1078 1024 lauda·

2 1103 3 1114 2
38 1054 109 1117 tam,
119 1045 214 1126 sirmr
229 1047 335 1126 impius
350 1043 447 1104 sedens
465 1047 543 1106 intus
553 1065 638 1126 super
652 1065 735 1102 anna
747 1059 836 1118 soeva,
856 1049 1005 1108 etvinetus
1016 1063 1081 1130 post
1139 1064 1140 1070 ’

1 1143 6 1224 q
40 1144 109 1212 terga
123 1147 244 1194 ceratum
256 1133 341 1211 nodis
354 1131 455 1194 ahenis
460 1177 470 1207 ,
475 1135 586 1216 fremet
597 1130 729 1193 horridus
742 1153 790 1192 ore
803 1148 929 1194 cnrento.
944 1137 1014 1196 Non
1029 1158 1079 1196 ex-

2 1289 3 1302 *
39 1219 155 1299 pendo,
174 1224 265 1304 quia,
286 1243 349 1303 quo
364 1221 460 1282 modo
474 1223 610 1304 possim,
629 1223 782 1282 nonsatis
795 1225 950 1304 suppetit:
964 1246 1003 1283 an
1016 1247 1082 1285 ma-

39 1306 136 1367 culem
150 1322 213 1368 tam
227 1311 380 1392 grandem
393 1309 533 1370 Musam?
545 1312 681 1388 Tantum
698 1312 732 1369 in
749 1313 891 1370 extremis
907 1325 984 1372 nota
997 1312 1080 1374 litte-

2 1421 3 1448 r
40 1415 139 1456 rarum
149 1414 179 1460 et
190 1401 392 1480 asperitatem
401 1411 430 1458 et
439 1421 566 1474 sonum,
580 1397 695 1480 quibus
706 1399 823 1459 furoris
836 1401 953 1460 saevitia
962 1411 1082 1483 expres·
1093 1403 1102 1472 J

41 1502 83 1558 sa;
103 1486 246 1564 δυσφωνίαν
265 1487 366 1547 Graeci
385 1499 515 1566 cocant:
537 1485 622 1568 quod
640 1485 764 1546 schema
783 1488 914 1567 gratiam
928 1491 1083 1569 poemati,

2 1559 3 1604 ³
41 1581 67 1628 et
77 1573 346 1654 magnificentiam
359 1573 513 1634 conciliat.

2 1663 3 1692 l
75 1679 142 1740 297.
165 1660 283 1720 Omnes
301 1660 334 1720 hi
353 1683 459 1722 versus
480 1663 641 1722 continent
659 1661 876 1722 incredibilem
894 1662 1081 1726 celeritatem

1 1761 9 1866 l

2 3841 4 3912 l

42 1745 81 1802 rei
95 1761 204 1826 gestae,
220 1769 280 1828 qua
294 1769 374 1830 opus
387 1751 421 1808 in
433 1771 466 1809 re
476 1749 715 1830 praesentissima
726 1771 734 1806 ι
747 1761 834 1808 erant
844 1751 927 1810 enim
933 1749 999 1831 jam
1008 1755 1083 1812 Tro-

41 1827 100 1910 jani
111 1836 143 1893 in
159 1849 265 1918 portu.
282 1838 358 1898 idco
377 1835 438 1899 brec
456 1841 512 1914 ait,
532 1839 587 1898 ubi
602 1836 751 1898 adimitur
764 1839 901 1920 Jupiter3
919 1853 948 1900 et
965 1863 1020 1922 pes
1038 1855 1083 1902 est

43 2021 184 2094 principem
219 2027 321 2097 populo
350 2027 538 2092 commendat;

41 2115 89 2165 pax
95 2101 290 2172 rempublicam
301 2125 361 2158 cum
369 2107 479 2180 reliquis
487 2120 539 2158 ter-

44 2193 126 2228 rarum
145 2182 255 2253 populis
277 2185 410 2238 conciliat.
439 2186 539 2258 Religio

44 2273 86 2324 per
100 2261 201 2312 Vestam
217 2261 406 2330 adumbratur,
425 2283 483 2335 quae
500 2267 540 2335 ig-

45 2352 99 2386 nem
117 2339 266 2410 significat,
282 2344 370 2414 inquit
381 2343 497 2405 Servius;
514 2355 540 2394 et

45 2417 153 2484 proinde
170 2421 315 2487 sacrificia,
332 2443 390 2494 quae
407 2425 463 2476 sine
479 2425 539 2494 igne

46 2511 162 2550 essenon
174 2515 295 2571 possunt.
307 2503 392 2568 fides,
404 2522 488 2574 eaque
497 2523 542 2554 nn·
561 2497 563 2501 ¹

45 2575 113 2644 tiqua
122 2597 173 2648 per
183 2582 306 2632 canitiem
315 2583 464 2655 insignitur.
474 2582 542 2634 Auc-

46 2656 136 2712 wrltua-
146 2661 299 2731 principum
318 2682 366 2732 per
382 2665 492 2716 Remum
510 2682 541 2716 ac

46 2731 191 2806 Romulum,
199 2743 345 2810 primarum
355 2742 442 2814 legum
453 2754 542 2794 aucto-

45 2829 90 2865 res.
107 2818 166 2866 Pax
182 2838 230 2889 per
242 2819 347 2872 clausas
362 2821 425 2872 belli
439 2834 539 2894 pqctas.

45 2920 76 2932 —-
89 2895 170 2947 Remo
186 2916 243 2948 eum
255 2899 341 2970 fratre
358 2900 486 2968 Quirinus.
501 2899 540 2952 De

47 2975 159 3041 genuino
171 2975 248 3046 hujus
262 2977 315 3027 loci
325 2979 473 3030 sensuinter
481 2997 540 3049 pre·

48 3063 82 3103 tes
99 3057 263 3125 sagacissimi
281 3055 411 3107 dubitant.
432 3057 542 3108 Constat

48 3133 92 3182 sub
104 3137 212 3186 nomine
224 3135 330 3201 Quirini
338 3137 484 3208 Augustum
497 3135 543 3188 de-

48 3212 160 3281 signaris
178 3214 226 3265 sed
239 3215 299 3284 quis
314 3227 353 3266 est
369 3219 480 3286 Augusti
491 3217 545 3266 fra·

47 3300 84 3340 ter
95 3292 207 3357 Remus,
218 3295 265 3362 qui
275 3311 336 3346 cum
345 3294 392 3345 illo
404 3295 544 3366 regnabit?

48 3371 240 3443 AuAgrippam
253 3373 391 3445 intelligit,
405 3376 450 3444 qui
464 3375 544 3426 Octa·

47 3449 121 3500 riano
138 3454 245 3502 censori
260 3452 360 3527 collega
378 3467 544 3524 assumptus,

48 3539 71 3578 et
81 3530 254 3581 victoriarum
270 3535 389 3582 omnium
405 3531 444 3582 illi
461 3533 545 3583 adrni-

47 3609 124 3660 nister
142 3623 224 3680 atque
244 3613 324 3662 etiam
344 3609 441 3662 deinde
464 3631 545 3683 gener

47 3686 142 3753 lactus,
161 3708 223 3740 cum
239 3688 286 3739 illo
304 3687 428 3740 Senatum
448 3683 544 3760 expur-

48 3769 115 3837 gavit
130 3781 156 3820 et
169 3770 345 3820 Patriciorum
359 3769 492 3840 supplevit
504 3770 545 3822 fa-

48 3847 147 3898 milias?
159 3849 200 3898 An
213 3851 304 3920 potius
314 3847 434 3900 alludens
447 3849 481 3902 ad
492 3849 545 3901 dis-

49 3926 185 3994 cordiam,
212 3947 271 3999 quae
298 3930 374 3980 initio
401 3927 545 3981 condendae

50 4005 118 4057 urbis
136 4007 282 4059 Romulum
301 4019 327 4058 et
347 4007 458 4062 Remum
476 4026 547 4061 com-

583 2027 670 2096 misit,
683 2039 709 2079 et
718 2045 797 2098 quam
806 2045 866 2076 cum
875 2025 955 2076 bellis·
961 2027 1085 2080 civilibus

585 2118 735 2177 comparat,
748 2105 836 2158 dicere
846 2105 946 2166 voluit;
959 2118 1022 2158 tunc
1032 2109 1085 2158 fra-

583 2187 732 2238 terafratre
743 2203 796 2234 non
807 2182 946 2234 dissidebit
954 2185 1084 2254 amplius3

584 2283 638 2314 non
657 2265 682 2314 ei
700 2273 784 2313 struet
804 2259 929 2322 insidias3
949 2281 1003 2312 non
1023 2281 1083 2314 eum

585 2341 705 2403 occidet;
728 2339 776 2392 sed
797 2357 855 2404 res,
880 2342 1083 2408 auctoritatem,

584 2437 671 2472 mores
690 2421 760 2471 inter
783 2437 810 2471 se
832 2437 984 2471 communes
1001 2421 1084 2474 habe·

584 2501 652 2553 bunt
664 2522 669 2551 :
684 2513 710 2553 et
721 2503 778 2571 ipse
786 2499 928 2566 Romulus,
939 2501 960 2550 si
972 2513 1035 2552 tunc
1044 2504 1089 2553 ’ri-¹

585 2593 672 2648 reret,
681 2581 829 2633 denomino
838 2579 900 2630 urbi
910 2581 1090 2650 imponendo,

586 2660 619 2714 de
631 2661 734 2732 legibus
748 2659 843 2712 dandis
853 2677 914 2710 cum
922 2661 1008 2710 Remo
1020 2680 1083 2712 con-

586 2741 713 2792 sentiret?
722 2739 762 2790 An
774 2737 987 2801 altercationem,
1003 2751 1085 2790 certa·

585 2816 1082 2886 men,cademqueRemiinterfabulas

586 2914 761 2969 reponemus,
780 2907 809 2945 ut
826 2895 966 2966 Dyonisius
982 2908 1007 2947 et
1023 2909 1084 2966 post

586 2977 660 3028 illurn
683 2973 834 3026 Glareanus.
856 2975 943 3044 Atque
963 2975 1084 3028 Draken-

586 3055 712 3110 borchius
726 3053 905 3106 censuerunt?
918 3057 938 3104 F
941 3057 1029 3107 acient
1041 3057 1084 3108 lu·

587 3156 645 3188 cem
654 3137 800 3206 peritiores.
813 3133 891 3203 (vide
901 3129 964 3184 tom.
976 3137 999 3184 ll
1006 3173 1013 3199 ,
1020 3155 1082 3206 pag.

592 3215 641 3282 104
649 3227 674 3266 et
688 3215 832 3285 189,notas
841 3224 866 3263 et
876 3213 1019 3262 Exeursum
1027 3214 1084 3286 IX.)

624 3311 683 3364 297.
693 3294 757 3344 Hoec
767 3293 817 3356 ait,
828 3301 853 3341 et
863 3293 945 3361 Maja.
958 3292 1085 3361 Exposita

587 3376 738 3426 futurorum
749 3373 937 3444 promissione,
949 3374 1085 3442 provideri

588 3455 715 3505 securitas
735 3452 843 3514 debuit,
862 3469 895 3500 ne
913 3453 1035 3524 naufragi
1056 3456 1084 3506 in

588 3535 664 3584 terris
676 3532 783 3594 alienis,
796 3541 822 3581 et
834 3529 967 3598 inquibus
979 3533 1087 3588 inimica

588 3611 716 3681 regnabat
737 3610 826 3673 June,
850 3607 965 3679 aliquam
986 3614 1087 3666 violen-

588 3691 651 3740 tiam
660 3699 822 3760 paterentur.
830 3689 987 3741 Procuratur
998 3707 1087 3746 autem

588 3769 709 3838 Trojanis
722 3769 848 3819 securitas
860 3788 909 3840 per
922 3770 1004 3834 duos;
1019 3793 1088 3844 quo.

589 3865 647 3900 rum
661 3847 727 3898 alter
744 3845 829 3898 affinis
846 3861 893 3900 est.
914 3851 981 3902 Nam
999 3853 1087 3920 Maia,

589 3928 714 3979 Mercurii
732 3939 829 3992 mater,
848 3930 1085 4005 Trojauorumge-

590 4011 649 4062 ueri
666 4007 830 4059 nectebatur.
854 4009 952 4060 Debuit
968 4030 1031 4084 ergo
1051 4009 1086 4062 ad
