2692 4594
255 339 317 404 ‘³72
580 304 961 374 COMMENTARIA

252 450 356 498 tatem.
369 437 474 517 ltaque
488 433 628 514 quamvis
640 429 826 512 conjungat,
839 431 876 490 da
888 431 1022 505 domam,
1037 431 1076 492 da
1088 436 1198 495 mania
1206 480 1215 509 ‚
1228 455 1291 495 non

251 528 399 594 dubium,
411 524 486 603 quin
502 521 613 582 domus
626 522 767 603 respiciat
778 541 890 602 genus,
905 524 1022 582 moenia
1033 521 1154 584 arbem.
1167 527 1237 584 Pari
1249 527 1293 584 in·

253 636 334 675 nexu
347 610 561 693 expendenda,
576 630 645 692 quae
657 623 847 690 sequuntur:
863 610 918 690 qui
935 611 1017 668 enim
1039 613 1149 692 petivit
1165 611 1291 672 domum
1333 621 1334 690 ξ

254 704 292 764 ad
311 700 506 760 retinendum
522 721 630 779 genus,
652 697 776 780 subjicit
799 697 858 758 sibi
884 699 1091 781 respondens,
1110 723 1194 762 serua
1221 699 1293 760 relli-

253 793 334 874 quias
348 792 503 861 Danaam,
519 802 604 870 atque
617 785 763 848 Achillis:
775 786 834 848 boc
846 789 930 846 enim
944 787 1021 868 quid
1033 803 1077 849 est
1089 790 1177 850 aliud
1186 837 1194 864 ‚
1203 811 1293 871 qnam

253 875 419 958 Trojanum
431 876 545 956 genus?
558 877 611 956 qui
622 877 731 957 petivit
743 877 857 936 moenia
869 875 906 934 ad
921 876 1044 953 urbem,
1057 876 1152 938 etiam
1165 898 1294 938 consen·

252 980 342 1026 tanea
354 964 495 1048 subjicit,
510 987 589 1026 serua
598 963 690 1028 altera
706 963 799 1047 Trojae
810 968 963 1046 Penqnma.
979 968 1055 1044 Quae
1066 967 1183 1026 deinde
1193 986 1296 1049 proce·

210 1047 218 1066 ⁶
252 1055 346 1131 dunt,
359 1055 465 1130 eadem
480 1056 600 1114 ratione
615 1068 687 1114 sunt
699 1052 879 1134 explicanda
893 1052 976 1113 bunc
990 1057 1020 1114 in
1038 1055 1189 1114 modum:
1207 1057 1293 1137 Quem

251 1147 399 1226 sequimur
407 1143 551 1227 Trojanil
560 1141 708 1227 quojubes
718 1145 759 1203 ine
769 1141 939 1224 Trojanosl
950 1165 987 1204 en
1000 1165 1113 1224 genus:
1128 1145 1180 1205 ubi
1193 1165 1296 1226 ponem

252 1232 347 1292 sedes?
359 1255 397 1294 en
412 1235 486 1294 urbs
501 1246 531 1294 et
544 1233 669 1294 moenia.
684 1234 782 1314 Ergo,
796 1234 845 1290 Da
853 1235 1123 1314 paterauqurt'um,
1133 1247 1223 1315 atque
1234 1235 1295 1291 oni-

252 1325 306 1382 mis
316 1321 434 1384 illabere
443 1325 546 1384 nostris
553 1347 565 1398 ,·
576 1341 644 1404 quar
653 1323 688 1382 in
698 1321 792 1383 verba
803 1323 938 1399 Servius,
950 1343 1017 1383 curn
1028 1321 1225 1405 intelliqentia
1234 1343 1296 1382 ora·

252 1407 352 1470 nulum
361 1409 497 1496 ppstalat.
1102 1427 1105 1436 “

292 1520 341 1578 90·
352 1502 438 1562 Fusis
450 1500 707 1582 precihnsAEneoe,
718 1513 749 1560 et
759 1513 830 1560 ante
840 1499 979 1560 auditum
991 1500 1151 1560 oraculum
1159 1509 1297 1560 tremunt

219 1598 220 1602 ’
252 1591 375 1661 omnia3
389 1588 532 1648 videlicet
545 1589 658 1661 limina,
674 1585 787 1660 laurus,
800 1608 895 1661 mons,
910 1590 1029 1648 cortina.
1045 1589 1118 1646 Haec
1128 1608 1165 1647 eo
1183 1600 1294 1668 puncto

254 1679 402 1758 temporis
411 1690 621 1751 tremuerant,
634 1696 698 1756 qno
710 1674 826 1736 reclusis
834 1674 928 1756 adytis
942 1675 1097 1736 edendum
1110 1691 1177 1735 erat
1192 1695 1294 1736 oracu-

253 1764 319 1826 lum
332 1788 339 1824 z
354 1764 419 1826 haec
434 1769 518 1826 enim
531 1780 669 1826 veterum
681 1766 789 1846 opinio
809 1764 882 1839 fuit,
901 1780 934 1824 nt
949 1786 1067 1847 semper
1081 1785 1151 1824 cum
1166 1765 1295 1845 strepitu

252 1854 423 1928 audiretur,
431 1868 563 1929 terrore,
574 1855 681 1929 minis;
694 1869 728 1913 ut
736 1852 887 1936 pavefacti
899 1853 1061 1929 mortales,
1069 1853 1191 1933 aliquid
1203 1855 1295 1912 inesse

254 1943 396 2002 divinum
412 1945 621 2003 existimarent
636 1945 668 2003 in
683 1941 730 2003 his
749 1945 902 2024 responsis
920 1965 927 2002 ι
945 1943 1018 2002 inde
1039 1963 1126 2002 voces
1142 1943 1182 2002 ad
1202 1957 1295 2001 terro·

254 2050 331 2106 rem,
342 2043 481 2092 nemoret
493 2035 629 2114 maqitus.
638 2032 683 2092 Ab
693 2053 807 2113 pavore
815 2044 916 2092 secuta
923 2033 1130 2092 consternatio
1138 2053 1146 2106 3
1155 2029 1297 2090 submissi

250 2119 339 2178 enim
352 2131 465 2180 terram
476 2135 601 2203 petunt,
616 2122 700 2180 etita
714 2120 873 2180 oraculum
890 2122 1057 2202 excipiunt.

294 2206 343 2288 94.
363 2212 508 2292 Sequitur
522 2211 699 2286 oraculum,
719 2231 781 2292 quo
796 2226 942 2272 monetur
955 2212 1062 2278 AEneas
1076 2209 1200 2270 ltaliam
1213 2209 1298 2290 'qua-

258 2317 339 2371 rere3
358 2297 408 2358 sed
427 2299 514 2358 ltalia
536 2321 599 2360 non
621 2301 818 2372 nominatur,
839 2313 959 2360 tantum
980 2297 1180 2358 adducuntur
1194 2299 1297 2379 signa,

257 2385 369 2465 quibus
379 2387 569 2468 intelligatur
580 2387 684 2462 ltalia,
697 2409 731 2448 ex
739 2407 827 2448 more
834 2387 1048 2461 oraculorum,
1059 2407 1128 2468 quae
1137 2406 1299 2467 nunquam

257 2494 322 2534 rem
335 2489 452 2554 aperte,
461 2477 513 2536 sed
526 2499 596 2537 cum
609 2477 684 2537 dolo
695 2489 724 2536 et
736 2477 939 2558 ambiguitate
949 2473 1125 2557 signabant.
1141 2476 1235 2556 Signa
1247 2495 1299 2533 no·

255 2575 327 2622 tatae
341 2563 437 2626 ltaliae
455 2580 545 2627 sunt:
561 2568 663 2649 primo
682 2569 783 2626 vocari
798 2565 947 2647 Trojanos
970 2563 1153 2626 Dardanidas
1171 2564 1211 2622 ab
1227 2565 1299 2623 Dar·

257 2651 349 2728 dano,
361 2657 413 2735 qui
423 2670 526 2718 ortum
534 2656 644 2718 habuit
652 2661 684 2716 in
693 2657 797 2717 ltalia:
811 2655 924 2718 deinde
933 2699 942 2730 ,
950 2655 1008 2714 diri
1019 2651 1150 2714 tellurem
1158 2654 1298 2733 priorem,

257 2755 287 2802 et
301 2757 419 2804 matrem
431 2750 601 2830 antiqttam,
614 2747 669 2806 ubi
679 2767 745 2806 non
757 2759 801 2804 est
809 2745 1016 2826 pleonasmus.
1027 2745 1132 2802 Posset
1143 2742 1228 2800 enim
1240 2759 1300 2800 csse

255 2834 370 2912 prima,
384 2849 415 2896 et
433 2858 499 2898 non
518 2838 668 2918 antiqua3
684 2857 718 2894 ac
736 2855 860 2894 rursum
881 2835 1026 2914 antiqua,
1046 2845 1076 2892 et
1095 2851 1162 2892 non
1183 2834 1299 2911 prima3

290 2993 332 3062 89.
344 2995 385 3045 Da
392 3033 400 3060 ,
409 3007 495 3066 pater,
509 2997 655 3069 capariam.
664 2997 756 3071 Pater7
799 2992 961 3058 nonhabet,
974 2992 1121 3060 membrum
1134 3001 1248 3062 putatur
1260 3006 1300 3040 sn-

256 3089 291 3122 no
308 3075 397 3124 animo
413 3073 524 3125 infunde
541 3076 635 3125 animis
657 3076 754 3124 nostris
799 3073 912 3144 perieris
938 3071 1083 3132 orationis,
1106 3068 1180 3142 quod
1202 3069 1225 3119 si
1247 3081 1321 3130 ests

256 3165 349 3222 aperta
362 3164 387 3202 et
399 3155 541 3222 perspicua
554 3151 671 3202 oracula.
685 3153 754 3204 Usus
800 3149 959 3223 liminaque,
974 3153 1050 3222 quasi
1062 3167 1188 3222 unapars
1203 3150 1301 3199 oratio·

256 3243 296 3282 est
317 3241 405 3281 antem
422 3231 580 3299 imperativo
599 3229 633 3279 da
651 3241 677 3282 et
695 3229 755 3282 illa·
799 3234 839 3283 nis
857 3246 915 3284 est:
934 3245 960 3283 et
979 3244 1147 3303 potestque,
1165 3229 1300 3280 finalitatis

257 3311 324 3376 bere,
338 3309 411 3380 quod
421 3323 458 3361 est
470 3307 637 3380 deprecantis
648 3327 679 3362 ex
689 3309 755 3362 fidu·
799 3313 918 3376 ratione,
928 3311 970 3363 vel
981 3310 1093 3382 produci
1104 3309 1144 3360 vel
1157 3310 1267 3379 corripi.
1276 3308 1299 3359 S.

257 3394 300 3444 cia
311 3390 479 3460 Apollinem,
493 3391 537 3458 qui
548 3390 670 3460 Trojanis
682 3392 756 3443 fave·
834 3391 877 3459 94.
889 3390 1054 3441 Dardanidas.
1065 3389 1101 3438 Ut
1113 3386 1243 3452 diximus,
1257 3387 1303 3437 ob·

258 3469 313 3519 bat.
324 3497 359 3508 -
371 3469 426 3527 Da;
439 3466 556 3519 ostende.
570 3469 666 3520 Donat.
800 3488 878 3522 scura
893 3469 1017 3541 quidem,
1034 3469 1080 3522 sed
1092 3487 1158 3520 vera
1169 3482 1232 3520 sunt
1250 3486 1301 3518 om-

294 3565 336 3616 9¹·
351 3547 513 3618 Liminaque.
530 3548 584 3618 Qae
597 3547 702 3615 brevis,
717 3561 757 3601 est
800 3552 845 3602 nia
858 3569 936 3603 :nam
946 3549 1060 3602 dicendo
1075 3549 1249 3613 Dardanide,
1263 3565 1302 3597 os·

258 3644 307 3698 pro
320 3625 397 3697 longa
407 3629 512 3697 posita:
526 3648 583 3700 quae
592 3628 644 3681 hac
653 3632 758 3686 ratione¹
801 3629 885 3682 tendit
909 3629 1034 3690 ltaliam,
1059 3627 1132 3680 nude
1160 3628 1301 3679 Dardanus

259 3703 431 3756 defenditur:
450 3719 495 3758 aut
514 3708 578 3778 quia
598 3711 687 3760 omnia
703 3728 758 3760 mo·
800 3711 867 3761 luit:
881 3708 955 3782 quod
969 3712 991 3762 si
1004 3710 1109 3761 Cretam
1124 3707 1300 3779 significaret,

258 3781 397 3854 nosyllaba
407 3783 441 3835 ad
452 3798 534 3838 artem
544 3806 599 3838 non
608 3789 755 3858 pertinent,
799 3791 952 3844 Teucriadae
961 3789 1070 3844 diceret.
1077 3789 1196 3840 -Duri
1205 3787 1254 3838 Vel
1264 3788 1301 3836 fu·

259 3875 285 3915 et
301 3861 342 3914 his
359 3863 469 3916 licenter
483 3867 521 3916 uti
533 3884 694 3938 possumus:
711 3880 757 3920 aut
801 3867 1301 3924 turumostenditlaboremrveleonnn

259 3955 345 4008 certe,
365 3941 521 4014 quia'bmne
539 3942 632 4015 μόριον,
651 3945 679 3998 id
698 3959 756 4014 est,
802 3951 888 4021 arguit
904 3941 1100 4020 insipientiam,
1119 3950 1169 4019 qui
1185 3945 1302 4000 intellec-

260 4023 409 4092 particula,
434 4043 492 4096 quae
517 4028 559 4079 sui
582 4025 757 4081 substantiam
802 4029 1131 4084 turinonfuerantaerv.
