2692 4594
334 281 388 344 IN
411 277 648 346 AENElDOS
671 281 764 345 LlB.
789 284 852 346 lV.
1053 289 1111 354 231

57 403 153 484 plam
168 401 292 477 dotem,
309 399 453 461 videlicet
465 401 590 484 Tyrios,
610 403 718 478 idest,
737 403 1014 486 Carthaginienses.
1033 408 1117 468 Illud

58 493 177 554 dextrm
192 507 248 554 tuoe
261 511 327 551 non
341 492 408 552 sine
421 491 651 574 indignatione,
666 493 750 576 quod
766 510 796 555 et
810 496 949 556 Donatus
964 497 1106 558 advertit.

109 578 181 656 solt.
197 579 349 640 Persensit
368 580 471 640 statim
487 583 592 640 Venus
612 581 740 641 insidias
757 584 891 642 lunonis
911 605 980 664 quae
995 596 1119 644 tantum

57 668 199 730 'volebat
210 683 346 730 avertere
360 689 492 751 regnum
507 671 604 730 ltaliae
619 671 658 730 ad
674 692 743 732 oras
758 671 902 754 Libycas,
918 674 956 733 ad
970 673 1119 750 Africam3

59 779 141 839 ergo
157 757 358 818 calliditatem
372 757 540 818 calliditate
554 755 681 842 excepit.
703 763 792 820 Haere
804 781 892 838 vero,
910 761 1020 844 lector,
1036 765 1069 822 in
1083 783 1120 822 eo

59 845 285 922 hemistichia,
303 851 459 908 siccorum
475 862 517 908 est
530 851 657 930 ingressa
673 853 790 912 Venus:
804 853 943 931 agnoscit
960 854 1043 912 enim
1056 855 1122 913 Ser-

61 938 138 996 vius
150 936 369 1010 calliditatem
388 959 461 998 nam
476 938 624 1020 ingredior
636 959 695 998 vox
713 952 758 998 est
769 939 952 1000 insidiarum
965 965 972 1000 :
989 941 1067 1001 mihi
1078 943 1123 1001 vi·

61 1025 161 1086 detur
179 1040 270 1108 poeta
287 1029 423 1088 voluisse
440 1049 600 1110 opponere
614 1027 845 1088 hemistichium
861 1029 920 1090 hoc
934 1029 1079 1091 dolosum
1094 1043 1125 1090 et

60 1115 254 1196 vulpinum,
276 1139 312 1177 ac
331 1117 418 1178 nulla
442 1139 557 1202 pompa
578 1120 746 1178 verborum
764 1133 919 1199 strepens,
936 1121 1058 1200 integro
1077 1119 1125 1181 illi

61 1207 191 1264 versui:
210 1204 328 1266 Talibus
342 1209 508 1289 aggreditur
521 1212 662 1272 Venerem
671 1210 812 1269 Saturnia
823 1207 925 1267 dictis:
942 1223 971 1268 et
983 1207 1056 1268 inde
1071 1229 1124 1267 no-
1144 1241 1157 1262 .·

62 1306 174 1353 tanter
183 1295 335 1375 particula
344 1309 455 1372 cotenu,
467 1297 551 1376 quod
561 1303 642 1355 re'cte
654 1295 786 1355 advertit
796 1294 899 1355 Julius
909 1295 1051 1376 Scaliger.
1065 1298 1125 1356 lta·

61 1405 130 1464 que
139 1382 247 1444 furens
258 1388 343 1446 Juno
356 1385 528 1458 inducitur,
538 1388 644 1445 Venus
655 1392 760 1446 astuta·
767 1384 838 1444 :illa
851 1385 1019 1467 aggreditur
1031 1387 1125 1446 verbo

64 1472 217 1549 militari,
236 1474 301 1536 haec
320 1474 480 1556 ingreditur
497 1473 592 1534 verbo
612 1475 817 1535 insidiarum:
834 1473 889 1535 illa
908 1473 1013 1536 talibus
1028 1475 1125 1550 dictis,

65 1560 138 1622 haec
150 1564 195 1622 sic
207 1576 328 1622 contra:
346 1563 400 1622 illa
416 1564 561 1623 Sutumr'u'
577 1563 615 1622 ad
636 1563 959 1638 commendationem,
975 1563 1041 1624 haec
1053 1565 1127 1623 sim-

64 1649 195 1730 pliciter
211 1653 323 1726 Venus,
338 1650 428 1710 nullo
442 1649 612 1710 attributo:
629 1651 675 1710 illi
689 1651 818 1711 demum
833 1650 994 1712 inchoanti
1010 1653 1128 1732 integer

66 1761 178 1800 versus
192 1739 298 1813 datur,
312 1745 399 1822 isque
414 1753 566 1822 strepens;
579 1740 653 1801 huic
664 1741 863 1818 dimidiatus,
875 1763 931 1801 nec
944 1761 1127 1823 pomposus,
1211 1765 1215 1776 ¹

67 1827 104 1886 in
121 1847 203 1907 quo,
218 1841 341 1910 excepta
355 1849 430 1888 voce
442 1840 558 1902 eontra,
572 1849 641 1912 quae
651 1828 702 1888 hic
715 1830 847 1888 omnino
860 1831 1044 1903 necessaria,
1057 1827 1127 1888 nul·

66 1914 101 1974 la
112 1914 238 1996 syllaba
250 1915 390 1997 grandis,
404 1915 627 1976 ornnes'exiles.
639 1917 760 1976 Placuit
772 1925 844 1975 v'ero
855 1911 908 1974 ott·
917 1936 983 1975 non
993 1915 1056 1990 illi,
1068 1935 1130 1974 ma-

69 2023 138 2082 gno
150 2001 289 2084 judici03
304 2025 378 2064 nam
392 2002 472 2064 illud
485 2005 624 2084 gravius,
640 2002 735 2062 ethic
752 2023 853 2062 sermo
872 2004 953 2062 inter
969 2004 1049 2062 Deos
1068 2011 1129 2075 est3

69 2092 152 2174 quid
169 2094 253 2175 quod
267 2093 320 2154 olli
334 2096 545 2176 arrogantiam
559 2095 695 2154 lunonis
710 2102 916 2173 repraesentat.

118 2183 188 2262 1o7.
205 2183 283 2260 Quis
294 2182 352 2242 tibi
368 2185 428 2242 nisi
445 2181 572 2242 demens
585 2175 756 2262 repugnet?
771 2180 828 2238 nisi
844 2177 946 2237 audax
958 2175 1042 2236 bello
1057 2197 1130 2236 con-

70 2268 207 2329 tendat?
221 2283 312 2330 tecum
325 2276 473 2350 ε’μφατικῶς.
490 2273 629 2329 Fortuna
642 2267 739 2327 modo
752 2266 856 2326 faveat
867 2264 915 2325 his
927 2266 1048 2346 coeptis,
1063 2281 1131 2343 pro·
1224 2275 1228 2282 '

70 2355 171 2416 vehat
185 2355 291 2416 lavore
305 2378 361 2416 suo
374 2357 507 2434 factum,
517 2355 609 2437 quod
623 2375 789 2416 memoras.
805 2355 883 2415 Satis
899 2351 1015 2412 indicat
1027 2355 1132 2441 Venus

72 2467 107 2506 se
120 2445 214 2506 dolos
225 2449 243 2505 J
246 2445 362 2506 unonis
378 2449 580 2528 praesensisse.

119 2553 186 2594 110.
200 2537 269 2594 Hoc
284 2554 410 2617 quoque
424 2535 550 2596 dolose:
567 2555 632 2596 non
645 2536 730 2595 enim
742 2535 859 2594 incerta
871 2544 930 2606 est3
945 2549 1019 2590 nam
1032 2529 1097 2610 ipsa
1112 2548 1130 2586 a

73 2627 160 2685 Jove
170 2625 324 2700 audierat,
337 2647 468 2708 regnum
481 2625 661 2688 AEneae'fore
675 2628 708 2684 in
719 2625 822 2698 ltalia,
838 2628 904 2682 non
916 2623 949 2678 in
960 2617 1071 2699 Libya.

121 2713 188 2772 113.
204 2715 249 2773 Ne
261 2717 453 2774 occasionem
468 2715 604 2795 praebeat
621 2711 847 2782 contentionis,
861 2705 989 2786 conjicit
1003 2724 1068 2762 rem
1084 2715 1132 2761 to-

75 2815 145 2860 tam
158 2801 198 2860 ad
210 2803 310 2884 ipsam
319 2805 478 2874 lunonem
491 2825 498 2861 ε
513 2802 545 2860 id
557 2823 644 2876 vero,
658 2801 733 2880 quia
747 2797 862 2858 sciebat
874 2815 938 2853 non
952 2812 1040 2874 posse
1052 2789 1133 2863 fieri,
1217 2877 1219 2891 .

76 2891 155 2950 fatis
168 2891 258 2951 aliter
271 2893 521 2974 disponentibus.

121 2981 188 3040 115.
202 2982 323 3064 Recipit
334 2983 369 3040 in
381 3002 411 3041 se
423 2981 565 3041 laborem
576 2974 774 3062 explorandae
785 2971 956 3032 voluntatis
968 2969 986 3028 J
989 2967 1064 3026 ovis.
1075 2967 1133 3026 De-

77 3142 145 3176 nam
153 3141 186 3175 ex
193 3123 340 3197 Phrygibus
348 3127 418 3177 nervi
426 3137 505 3196 atque
513 3143 586 3177 man·
630 3120 804 3185 inimicitias,
821 3118 858 3167 sic
875 3113 964 3165 subito
986 3109 1133 3180 deponeret

77 3205 153 3274 ciplfl
166 3203 248 3274 vulgo
260 3205 432 3274 petebantur.
629 3203 717 3252 Juno:
739 3207 851 3250 noverat
871 3193 942 3245 enim
960 3189 1026 3260 quid
1046 3189 1133 3278 AEneae

121 3283 181 3349 1⁰4.
203 3283 309 3336 Dotales
331 3285 430 3354 Tyrios.
453 3284 525 3348 Dos,
547 3293 593 3334 est·
632 3279 788 3345 deberetur,
801 3293 854 3348 quo
867 3273 950 3343 magis
962 3267 1097 3320 nitebatur
1106 3264 1135 3316 sd

79 3365 276 3434 patrimonium
288 3366 394 3430 uxoris,
414 3375 439 3416 et
454 3360 587 3434 quidquid
633 3373 762 3430 avertere.

78 3446 141 3494 viro
154 3461 217 3494 cum
230 3461 313 3495 uxore
325 3443 411 3495 datur.
434 3444 521 3513 Tyrii,
542 3442 588 3512 qui
672 3457 729 3490 rro.
743 3437 793 3490 Sed
797 3435 864 3508 satis
874 3434 970 3482 incerta
972 3425 1054 3501 feror.
1067 3427 1134 3479 Bene
1232 3505 1234 3512 Ι

80 3523 137 3574 mei
152 3535 252 3574 suntet
265 3524 460 3594 potentissimi,
473 3535 521 3574 tuo
533 3521 594 3572 lilio¹
634 3518 722 3569 omnia
735 3517 836 3586 te'tigit,
849 3510 945 3581 quibus
958 3526 1000 3560 res
1012 3507 1134 3559 humanae

81 3614 109 3654 et
135 3600 186 3652 tibi
210 3601 351 3654 tradentur
373 3603 495 3673 proprii;
526 3617 589 3652 nam
634 3597 888 3670 reguntur-mesum,
897 3593 962 3656 fata,
972 3587 1136 3642 voluntatem

80 3679 218 3751 quidquid
230 3679 265 3731 ad
276 3679 468 3745 lilium,simul
481 3679 518 3730 ad¹
527 3697 586 3730 ma·
612 3679 770 3728 'Deorumu
791 3673 870 3744 fotis,
899 3681 1010 3742 propter
1026 3669 1083 3720 fata
1102 3667 1135 3718 de

81 3774 154 3824 trem
168 3761 293 3829 pertinet.
634 3757 708 3808 lovis
720 3755 857 3805 voluntate
874 3751 991 3813 dubitat;
1004 3769 1065 3801 narn
1078 3752 1136 3819 ipse

124 3840 183 3892 106.
206 3842 271 3911 Quo.
289 3843 358 3905 Pro,
377 3849 414 3890 ut.
433 3867 468 3878 -·
483 3839 539 3908 Quo
553 3856 592 3888 re·
636 3837 741 3907 Jupiter
752 3847 847 3886 contra
858 3833 944 3884 fatum
956 3829 1021 3882 nihil
1033 3829 1112 3880 valet.

84 3935 181 3994 gnum.
200 3919 287 3974 Sensit
304 3940 360 3973 non
379 3919 499 3990 potuisse
517 3915 591 3982 lieri,
677 3916 733 3968 113.
745 3915 785 3968 Tu
792 3918 895 3988 conjux.
904 3911 1024 3965 Dicendo
1031 3913 1134 3982 conjux,

86 4012 186 4052 uttam
200 4019 310 4072 graves,
328 4015 436 4072 tamque
451 3998 592 4052 diuturnas
638 3995 757 4050 ostendit
769 4013 828 4049 eam
840 4013 895 4047 non
908 4009 987 4064 posse
999 3993 1136 4060 ignorare,
