2700 4586
175 365 178 370 .
252 320 321 388 «as
586 311 967 377 couuuumum

255 433 1296 526 quomagisexiguamanus.Quinqueuumerat,etsistitiuGoroebo,

255 533 295 592 de
307 549 371 611 quo
381 523 531 609 praeclara
542 537 573 582 et
582 521 712 584 illustris
722 524 858 598 mentio,
870 524 945 604 quia
955 543 1050 604 gener
1058 527 1177 586 Priami
1189 549 1197 584 ι
1209 526 1295 600 dicit,

256 641 319 704 quo
333 625 527 701 patronatus
541 609 650 688 fuerit,
665 609 810 671 videlicet
817 609 999 694 Mygdone:
1014 613 1129 675 deiude
1144 631 1210 698 quo
1223 629 1295 675 tem·

255 729 331 794 pore
344 703 470 786 'l'mjam
482 703 618 776 venerit3
632 699 688 760 illo
702 701 868 775 nimirum,
882 700 967 782 quod
978 705 1159 784 proximum
1168 704 1210 766 acl
1220 703 1296 763 hauc

255 883 331 968 quid
344 897 412 942 tum
423 879 553 951 facerem
567 873 689 938 ferebat
700 895 795 957 gener
806 875 958 936 auxilium
971 898 1095 955 socero,
1110 879 1199 962 quod
1213 882 1297 962 pium

254 990 286 1036 et
306 973 456 1034 debiturn.
475 965 600 1050 Infelix!
617 967 731 1026 Debita
750 969 948 1048 conquesti03
967 969 1044 1050 quid
1064 971 1149 1031 cuim
1167 971 1298 1052 dignum

253 1065 351 1143 magis
363 1059 578 1132 miseratione,
590 1075 686 1138 quam
699 1057 781 1116 mori
791 1055 955 1137 juvenem,
967 1057 1227 1141 antenuptialem
1239 1057 1297 1119 tha·

253 1153 387 1226 lamum,
400 1150 515 1230 inipso
529 1145 671 1209 nubendi
685 1145 812 1208 ardore?

293 1240 360 1322 347.
376 1241 557 1300 Percurram
566 1234 625 1298 hos
635 1247 707 1297 octo
718 1255 826 1297 versus
838 1239 932 1298 unico
945 1249 1056 1298 tractu.
1070 1237 1150 1298 Sciat
1160 1239 1296 1320 primum

252 1331 378 1403 Lector,
395 1324 522 1386 illorum
537 1339 727 1386 structuram
741 1345 808 1386 esse
824 1323 1020 1408 perplexam,
1034 1323 1217 1402 confusam,
1236 1339 1296 1386 tur-

141 1434 143 1438 ’
251 1418 375 1491 hidam,
389 1417 499 1498 utique
509 1419 669 1492 ἀπόπατον,
686 1414 990 1497 respondentemque
1007 1415 1137 1476 omniuo
1158 1412 1296 1491 affectui,

252 1509 309 1590 qui
323 1505 432 1566 eratin
444 1503 556 1562 AEuea:
574 1503 695 1582 rapitur
708 1500 761 1562 ille
775 1503 917 1563 incensus
930 1503 969 1562 ad
982 1502 1139 1579 flammas,
1156 1501 1297 1562 furibuu-

252 1595 311 1655 dus
322 1594 363 1654 ad
377 1612 477 1665 arma,
490 1591 541 1650 cui
555 1588 636 1650 nihil
647 1592 736 1672 pensi
747 1590 786 1652 de
797 1590 895 1652 salute
906 1613 913 1650 :
926 1590 1009 1652 nihil
1021 1611 1094 1673 ergo
1104 1593 1223 1651 mirum
1236 1605 1295 1652 tur—

250 1681 327 1745 bata
341 1683 404 1741 siut
417 1677 528 1754 verba,
541 1693 573 1738 et
587 1681 758 1740 sententia:
774 1682 827 1742 sed
841 1703 910 1763 quae
922 1680 988 1742 haec
1002 1679 1147 1742 tandem?
1161 1681 1241 1764 Quos
1250 1681 1295 1742 ubi

251 1773 310 1834 uidi
321 1770 462 1852 confictos
473 1767 578 1829 audere
589 1771 621 1828 in
631 1767 748 1850 puelia,
764 1773 872 1853 incipio
887 1769 932 1832 tis
945 1792 1044 1854 super,
1059 1770 1090 1830 id
1106 1782 1165 1846 est,
1177 1771 1293 1852 incipio

251 1859 302 1922 his
315 1859 425 1920 verbis.
443 1859 499 1918 Est
513 1871 617 1918 autem
633 1879 718 1941 super
732 1858 786 1920 hic
795 1860 943 1944 insuper,
961 1863 1037 1942 quia
1048 1853 1114 1942 jam
1128 1861 1189 1942 ipsi
1203 1861 1292 1920 aude·

250 1949 341 2022 bant,
353 1959 384 2006 et
395 1967 453 2027 ego
466 1947 595 2028 iusuper
607 1947 729 2007 animos
742 1945 866 2024 addidi3
878 1947 953 2009 inde
965 1962 1071 2031 postea
1083 1948 1238 2028 sequitur,
1242 1947 1293 2030 fit

251 2060 301 2100 ror
312 2035 435 2096 additus.
450 2035 555 2114 Pergit
568 2035 695 2108 AEueas3
706 2032 843 2120 juvenes,
861 2037 1168 2120 peetcmfirmissima,
1183 2035 1292 2108 videtis,

251 2146 315 2211 quoe
328 2126 366 2184 sit
370 2123 495 2206 fortuna
509 2119 591 2182 rebus
604 2123 734 2197 nostris3
748 2125 852 2206 itaque
866 2123 979 2185 frustra
994 2124 1158 2184 succurritis
1172 2121 1238 2183 urbi
1251 2123 1293 2180 in-

249 2235 356 2288 eensoe,
368 2205 387 2272 a
395 2232 458 2293 qua
467 2211 641 2291 praesertim
647 2214 713 2286 Dii,
723 2211 827 2295 quibus
837 2210 891 2274 ltoc
901 2215 1052 2296 imperium
1063 2224 1188 2284 steterat,
1198 2231 1293 2271 omues

250 2322 406 2374 successere,¹
419 2297 528 2362 relictis·
537 2299 728 2383 adytisutque
740 2305 807 2362 uris.
822 2302 978 2380 Quare,si
990 2300 1095 2384 cupido
1107 2313 1186 2360 certa
1195 2313 1238 2360 cst
1247 2321 1292 2360 vo·

252 2391 294 2454 bis
308 2391 401 2472 sequi,
421 2408 471 2448 me
487 2387 639 2450 audentem
653 2404 795 2465 extrema,
815 2395 978 2452 moriamur
991 2404 1019 2452 et
1034 2410 1154 2452 ruamus
1168 2391 1201 2449 in
1213 2411 1292 2449 arma

251 2477 347 2539 media
366 2479 485 2556 (sermo
510 2473 773 2558 hysterologicus,
796 2500 870 2562 pro,
893 2501 1026 2554 neamus,
1047 2491 1084 2538 ut
1104 2479 1291 2556 moriantur),

249 2585 324 2628 uam
343 2563 421 2646 quid
442 2560 528 2622 aliud
550 2565 739 2644 sperandum
758 2567 797 2626 ab
812 2565 906 2642 urbe,
928 2570 962 2628 in
981 2589 1044 2650 qua
1060 2587 1125 2628 uon
1145 2565 1211 2646 jam
1227 2564 1293 2624 Dii?
1334 2607 1335 2656 ,

250 2655 340 2715 Hanc
353 2669 465 2731 vagam
475 2651 573 2709 animi
585 2665 722 2712 mentem
735 2652 840 2720 firmat
852 2654 953 2715 solida
965 2654 1134 2727 senteutia3
1145 2675 1207 2712 una
1217 2650 1293 2714 sulus

251 2741 402 2812 estuietis,
420 2758 533 2819 sperare
548 2737 671 2800 salutem
688 2739 813 2802 nullum.
833 2743 887 2802 Est
902 2761 1015 2823 scopus
1029 2738 1124 2820 hujus
1143 2740 1291 2798 orationis
1334 2751 1335 2816 ᾗ

250 2829 409 2889 concitare
427 2823 556 2902 milites,
574 2847 640 2888 non
662 2828 701 2889 ad
721 2828 887 2892 ferendum
907 2827 1059 2890 auxilium
1075 2827 1200 2910 patriae,
1221 2845 1292 2886 uam
1334 2831 1335 2864 ³

250 2915 337 2998 cujus
353 2915 461 2976 auxilii
474 2913 528 2974 illa
541 2935 652 2998 capax,
664 2938 735 2999 quae
743 2915 810 2999 jam
825 2918 967 2980 incensa?
980 2917 1034 2979 sed
1047 2929 1169 2997 tautum
1181 2917 1221 2976 ad
1233 2915 1292 2976 for·

249 3019 357 3068 temet
369 3003 493 3067 virilem
506 3018 657 3066 mortem:
671 3005 743 3068 ideo
754 3009 861 3084 initio,
875 3029 931 3069 vos
944 3007 1041 3068 fortes
1053 3005 1137 3081 estis,
1150 3002 1204 3066 sed
1214 3004 1291 3065 frus·

1334 671 1335 708 t

254 797 397 858 ruinam:
416 791 525 864 tertio,
544 809 605 869 qua
619 807 730 862 causa,
749 798 784 846 ut
795 787 1001 848 Cassandram
1013 789 1154 852 duceret:
1173 805 1297 874 quarto,

283 3167 346 3234 341.
367 3163 483 3219 cambus
502 3164 681 3237 Myqdouides.
700 3167 750 3220 Hic
794 3171 987 3242 pugnatiouem
994 3165 1176 3221 avocabantur
1187 3162 1222 3216 ab
1231 3163 1291 3214 hos·

250 3243 748 3318 flliusMygdouisetAuaximenaefuit:
795 3249 867 3300 tibus
876 3250 1000 3314 numina,
1012 3257 1124 3318 propter
1134 3242 1291 3296 vitandasa·
1334 3213 1335 3260 l

250 3325 751 3402 ergonomenpatronpmicumnamsi
795 3327 910 3400 crilegia.
927 3326 993 3378 lude
1013 3338 1069 3391 est,
1088 3321 1161 3395 quod
1179 3323 1292 3376 Rumaui
1334 3313 1335 3376 l

250 3402 747 3480 gentisesset,Mypdeniusdiceretur:
794 3406 909 3477 celatum
923 3423 980 3458 esse
995 3404 1156 3468 voluerunt,
1172 3403 1200 3453 in
1217 3403 1289 3471 cujus

250 3485 349 3536 nullius
364 3487 434 3538 euim
448 3484 533 3556 gentis
550 3500 648 3534 nomen
662 3483 690 3534 in
706 3481 749 3535 des
792 3483 836 3536 dei
849 3484 933 3537 tutela
944 3483 1015 3536 Urbs
1030 3481 1175 3550 Romasit,
1192 3493 1219 3533 et
1231 3482 1288 3550 jure

251 3563 312 3616 exit.
329 3563 398 3614 Seru.
413 3561 481 3614 Vide
495 3560 642 3615 Excurtum
654 3561 694 3629 X,
714 3561 748 3614 de
791 3561 948 3614 Pontificum
970 3574 1077 3614 cautum
1096 3572 1154 3625 est,
1180 3577 1216 3612 ue
1237 3561 1288 3610 suis

251 3639 381 3705 Guroebo,
392 3653 457 3690 tom.
470 3641 508 3706 11,
520 3661 549 3712 p.
563 3640 623 3707 344.
791 3642 944 3695 nominihus
954 3641 992 3693 dii
1000 3641 1114 3693 Romani
1124 3639 1289 3710 appellaren-
1334 3673 1335 3700 ,

256 3761 259 3766 .
285 3717 346 3785 345.
359 3717 567 3789 [ajalim-Quem
579 3736 641 3773 mox
656 3735 747 3771 maue-
791 3735 895 3790 tur,ne
907 3723 1064 3794 exaugurari
1075 3720 1188 3792 possint.

249 3800 298 3853 bat
317 3801 455 3864 interitus,
476 3799 519 3851 vel
544 3799 637 3852 infelix
661 3817 748 3852 causa
818 3801 887 3867 ¹354.
913 3801 972 3852 llua
991 3799 1060 3852 salus
1080 3798 1167 3862 vietis,
1187 3795 1287 3848 nullam

249 3878 370 3944 sua,vel
386 3879 570 3948 quispousam
582 3897 637 3930 uon
653 3879 747 3932 audie-
791 3897 891 3952 sperare
900 3879 1018 3932 salutem.
1029 3876 1189 3946 Plerumque
1199 3875 1287 3947 despe·
1334 3935 1335 3944 ἦ

249 3970 299 4012 rat.
308 3985 342 3997 -
350 3956 473 4009 furentis.
482 3957 666 4030 Vaticiuantis.
676 3959 746 4011 Seru.
791 3959 895 4018 ratione
904 3957 988 4008 robur
997 3969 1121 4028 augetur,
1132 3967 1162 4006 ut
1173 3953 1285 4006 Statius:

285 4035 345 4094 351.
367 4035 505 4091 Excessere..
527 4035 598 4104 Quia
620 4049 682 4090 ante
703 4053 749 4092 ex·
795 4033 1163 4092 «Estubidatriresnimius
1175 4034 1286 4086 timor.»
1334 4051 1335 4106 3
