2676 4602
348 319 400 382 m
423 316 656 383 mantuus
680 319 772 384 urs.
798 323 836 386 v.
1033 339 1111 415 x'299

110 441 182 503 2'13.
195 441 291 518 Dicit,
303 440 479 501 columbam
494 441 584 500 initio
601 439 734 517 volatus,
751 463 847 523 quum
862 445 997 526 primum
1013 439 1111 508 exter-

65 545 168 605 retur,
182 531 322 614 plausum
338 531 440 605 edere,
455 543 484 590 et
495 533 672 612 strepitum,
686 531 771 612 quod
791 553 824 592 ex
841 548 950 594 natura
969 534 1034 616 ejus
1048 537 1113 609 ani-

66 621 202 694 mantis,
214 620 362 700 quamvis
380 619 523 700 deinceps
541 617 792 699 tranquillissime
812 621 914 680 volet:
939 623 980 682 sic
1001 635 1111 683 navem

65 708 224 769 Mnesthei
237 710 372 792 primum
381 728 443 768 sese
455 707 719 789 expedivissecum
731 709 1112 790 aliquadifficultateinter

65 817 177 857 moras
193 795 451 878 naufragiumque
465 797 612 878 Sergesti,
625 815 725 877 quum
734 809 837 857 tamen
852 797 992 881 deinceps
1005 803 1112 882 aperto

66 905 198 965 aequore
210 900 239 944 et
249 882 503 965 tranquillissime
515 882 674 943 volaverit.
685 885 844 966 l’erpende
857 888 1009 968 quaepism
1019 910 1025 944 :
1037 885 1114 949 Dul-

67 973 209 1048 aesnidi,
231 987 358 1055 propter
376 991 514 1032 amorem
530 971 642 1052 prolis,
661 993 723 1053 qua
740 973 818 1033 nihil
836 975 956 1034 dulcius
974 977 1115 1056 :egregie

69 1075 202 1142 usurpat
215 1082 335 1136 vocem,
347 1062 476 1142 pumice,
490 1059 527 1117 ad
541 1059 644 1118 locum
657 1059 786 1140 plenum
796 1061 988 1122 foraminum
1004 1077 1033 1124 et
1047 1061 1115 1122 hia·

69 1161 183 1223 tuum,
200 1150 235 1208 in
256 1150 369 1230 quihus
390 1162 461 1208 sunt
482 1145 547 1206 uidi
563 1171 569 1206 :
586 1167 681 1228 quum
697 1151 758 1223 ait,
779 1149 932 1224 latebrom,
953 1149 1118 1212 adulnbrat

70 1237 205 1296 Homeri
219 1245 333 1320 χήραμον
345 1260 352 1295 :
366 1257 464 1318 quum
477 1237 534 1311 ait,
548 1233 684 1318 plausum
697 1241 855 1320 ingentem,
870 1235 1117 1320 naturam'hujus
1179 1295 1181 1300 .

68 1327 227 1386 volucris:
242 1331 308 1407 quis
320 1324 484 1414 uonxaudit
496 1327 652 1406 ingentem
665 1329 842 1407 strepitum,
858 1351 954 1409 quum
965 1350 999 1388 ea
1014 1329 1117 1390 volare

70 1411 205 1493 incipit?
222 1423 301 1473 certe
317 1431 378 1494 quo
402 1409 602 1491 tranquillior
621 1413 653 1470 in
672 1411 791 1492 reliquo
812 1413 933 1491 volatu,
952 1435 988 1475 eo
1008 1414 1129 1497 strepi?

70 1501 239 1560 lautiorin
250 1504 368 1581 primo:
384 1498 455 1558 ideo
471 1511 576 1580 postea
589 1516 768 1578 opponens,
782 1498 876 1582 lapsa,
890 1515 920 1560 et
933 1504 1028 1583 quieto
1037 1523 1116 1576 uere,

70 1601 104 1648 et
118 1591 173 1648 iter
187 1585 342 1670 liquidum,
358 1601 387 1646 et
401 1585 491 1659 radin·
506 1587 539 1644 in
554 1586 673 1665 quibus
686 1585 832 1646 omuibus
850 1590 926 1646 mira
943 1585 1118 1670 tranquilli-

71 1687 139 1734 tas:
150 1672 215 1756 jam
232 1679 297 1755 quis
308 1695 372 1734 non
386 1672 471 1732 videt
485 1691 613 1732 acumen
630 1671 727 1731 illud?
740 1672 842 1733 celeres
854 1697 945 1758 neque
952 1669 1119 1736 '‘courrnouet

71 1761 157 1822 alas:
174 1765 206 1822 in
220 1785 339 1824 summa
354 1763 509 1822 celeritate
526 1782 590 1820 non
606 1775 650 1820 est
664 1763 852 1822 commotio:
870 1761 944 1846 quid
959 1763 1118 1847 pulchrius

71 1850 197 1934 potuit?
209 1854 250 1912 sic
264 1854 419 1934 snpra,in
433 1851 574 1911 ariditate
587 1850 693 1910 sudor.
909 1849 911 1854 ’

116 1941 187 2000 218:
197 1939 415 2000 hccommodat
426 1942 469 1999 rei
480 1941 743 2019 comparationem
757 1961 763 1996 :
777 1939 818 1998 sic
832 1935 1009 2001 Mnestheus
1022 1941 1119 2022 fugit3

76 2049 193 2111 parum
207 2029 305 2110 fugit3
323 2031 387 2089 imo
402 2031 443 2090 sic
460 2025 637 2096 Mnestheus
649 2030 751 2088 volat:
764 2030 870 2109 itaque
880 2047 944 2088 non
957 2043 1120 2091 contentus

69 2119 155 2202 fuga
165 2133 254 2192 secat,
274 2119 395 2178 addidit
407 2115 563 2178 volantem.
578 2119 743 2202 Inveniunt
754 2115 805 2176 hic
816 2119 985 2176 miserrima
996 2120 1120 2198 ingenia

74 2207 297 2288 tautologiam:
310 2208 441 2290 pudeat:
457 2209 553 2266 immo
559 2207 651 2289 supin
661 2225 730 2265 cum
742 2219 877 2286 respectu
888 2207 925 2264 ad
937 2219 1036 2282 avem,
1052 2227 1120 2288 quae

75 2295 220 2374 exterrita¹
235 2317 251 2354 e
263 2307 343 2354 tecto
355 2293 483 2366 iolavi13
496 2307 539 2352 est
549 2295 631 2351 enim
644 2293 717 2372 fuga
727 2293 840 2368 territi3
851 2303 879 2351 et
889 2290 982 2367 volat,
994 2308 1029 2353 ut
1038 2291 1121 2354 dein·

74 2383 116 2444 de
126 2385 270 2444 columba
283 2383 399 2443 volavit
413 2400 468 2465 per
482 2401 582 2442 aerem
597 2381 764 2462 liquidum.

113 2489 185 2533 ato.
200 2469 304 2556 Pergit
324 2463 591 2533 accommodatio:
612 2487 646 2530 ut
660 2471 805 2530 columba
826 2470 908 2552 fugit
930 2483 1058 2550 tectum,
1077 2472 1119 2532 sic

74 2561 255 2622 Mnestheus
269 2563 380 2626 deserit
391 2563 517 2644 Sergesti
533 2562 638 2640 locum
658 2563 817 2642 iniquum,
833 2559 889 2620 nbi
906 2557 1032 2622 luctatio
1047 2583 1118 2621 cum

73 2645 228 2730 scopulis,
243 2661 313 2710 cum
327 2649 427 2723 vadis3
443 2649 497 2710 ubi
511 2648 623 2708 frustra
639 2647 752 2707 auxilia
768 2663 934 2722 vocantur3
952 2650 1005 2706 ubi
1017 2649 1119 2708 fractis

74 2739 169 2798 remis
182 2753 262 2798 no'va
277 2741 327 2798 'ars
340 2737 505 2797 addiscitur
519 2737 664 2798 currendi
678 2755 731 2816 per
745 2739 852 2796 maria.
869 2737 908 2794 Ut
918 2731 1061 2795 columba
1077 2735 1120 2794 la·

73 2823 235 2908 biturjam
249 2847 303 2909 per
324 2827 462 2908 quietum
485 2847 601 2899 aerem,
623 2823 663 2884 ita
679 2823 857 2883 Mnestheus
876 2815 965 2905 Gyan
973 2821 986 2897 ‚'
1000 2837 1029 2881 et
1049 2819 1121 2881 Chi·

76 2929 205 2975 maerarn
220 2913 284 2996 ejus
298 2915 513 2994 consequitur:
528 2911 595 2974 haec
613 2915 729 2994 quippe
745 2915 831 2972 navis
846 2911 922 2974 cedit
930 2910 1009 2992 jam,
1029 2925 1058 2970 et
1076 2909 1119 2970 la·

75 3007 183 3064 tiscit:
199 3005 292 3078 ratio,
305 3007 443 3087 quoniam
458 3001 581 3086 spoliata
593 3017 634 3063 est
647 3005 784 3085 magistro
797 3003 941 3062 Menoete.

119 3093 188 3154 225.
203 3093 279 3153 Vide
295 3115 357 3176 quo
372 3115 438 3186 spes
448 3095 586 3152 victoriae
602 3093 634 3152 in
647 3089 810 3152 Mnestheo
827 3089 1037 3151 assurrexerit:
1051 3085 1119 3169 jure

78 3181 159 3242 dixit
171 3183 280 3241 Seneca
295 3177 419 3258 liberor,
433 3183 582 3243 Controv.
595 3179 666 3242 libri
680 3183 708 3260 V
721 3199 776 3264 pet·
789 3181 892 3252 initia,
907 3199 1025 3258 semper
1039 3195 1120 3236 mor·

77 3271 196 3332 talibus
209 3287 293 3352 spem
308 3294 370 3334 esse
383 3273 543 3354 reliquam.
557 3275 634 3333 Erat
645 3271 816 3333 Cloanthus
827 3271 892 3351 jam
903 3272 937 3328 in
949 3271 1018 3349 i'pso
1029 3273 1120 3347 ‘paene

75 3361 214 3420 victoriae
228 3357 305 3434 fiue;
324 3375 388 3421 erat
400 3362 533 3420 in'enitu
545 3359 667 3441 glorite3
682 3375 710 3420 et
720 3379 757 3419 eo
767 3374 869 3418 tamen
887 3357 1003 3436 aspirat
1016 3355 1118 3413 Mnes-

73 3445 381 3518 ‘theus3Gloantlrum
391 3441 481 3529 petit3
495 3447 580 3508 hune
591 3461 696 3528 urget,
710 3465 846 3506 summas
855 3443 1016 3503 intendens
1028 3444 1117 3501 vires.

42 3533 45 3540 ⁴
118 3555 187 3618 227.
200 3537 330 3595 'l'sntam
349 3557 433 3617 spem
453 3536 592 3598 accendit
606 3537 692 3618 vulgi
712 3535 844 3606 elamor,
864 3534 953 3593 lavor
970 3543 1118 3614 spectato·

76 3643 164 3700 rum,
182 3619 320 3684 studium
340 3625 484 3684 omnium
503 3647 510 3683 :
533 3624 639 3684 omnia
658 3625 700 3682 ita
715 3627 848 3703 magna,
868 3631 903 3680 ut
916 3621 1009 3680 etiam
1022 3617 1119 3680 aether

76 3715 145 3794 ipse
156 3709 324 3770 insonaret.

119 3821 188 3881 229.
206 3799 331 3882 Quippe
354 3795 526 3862 Cloanthus
542 3813 572 3862 et
584 3802 660 3862 socii
676 3819 758 3881 oegre
774 3797 895 3874 ferunt,
913 3793 972 3878 sibi
991 3797 1119 3858 emani·

115 3959 174 3996 aas.
185 3943 281 3995 Fraetis
287 3941 423 3996 discentem
431 3951 529 3996 'currere
539 3961 576 3996 re·
614 3943 735 4016 'speeiem
747 3941 899 4015 proverbii,
916 3941 943 3992 in
958 3951 1003 3993 eos
1017 3939 1064 4010 qui
1081 3949 1118 3993 te·

76 4024 134 4078 mis.
152 4023 248 4075 toeose
267 4035 293 4075 et
311 4036 426 4095 argute:
449 4036 476 4076 et
494 4021 577 4076 habet
619 4025 667 4075 nui
678 4021 803 4096 presidio
814 4023 942 4075 nituntur.
958 4019 1064 4071 Taubm.
