2700 4586
233 317 293 394 ,04
555 303 933 370 oouururlum

206 493 209 500 .
229 434 312 498 mala
324 432 488 516 praesentia
500 449 573 490 cum
585 429 820 510 comparatione
832 426 872 486 ad
883 425 969 488 bona
981 432 1153 512 praeterita3
1167 453 1273 516 neque

230 525 314 584 enim
323 521 390 600 jam
402 531 499 594 stant,
511 537 581 597 qum
590 529 753 588 steterant;
765 535 830 574 uon
842 530 984 591 manent,
996 537 1068 600 quar
1079 533 1272 580 manserant.

271 609 317 689 57.
333 609 414 689 Apta
425 607 531 666 omnia
542 627 549 664 ι
562 601 712 676 trahitur,
727 604 827 683 utqui
839 599 951 679 hostis,
966 617 1001 664 ut
1015 607 1070 686 qui
1083 607 1225 682 vinctus,
1244 619 1273 666 et

230 697 382 768 renitans3
402 713 474 754 nam
494 694 590 752 invite
606 711 637 750 se
656 689 739 750 trahi
758 690 928 750 simulabat
945 692 1057 768 Sinon,
1078 713 1144 775 quo
1162 711 1273 754 omnes

228 782 369 845 falleret:
382 779 497 842 deinde
508 779 588 840 banc
600 799 665 838 rem
677 779 856 861 pastoribus
869 780 1011 841 attribuit
1022 798 1132 863 poeta,
1144 800 1211 862 quo
1225 785 1273 840 in·

230 869 351 949 telligas
364 870 488 930 Sinonis
499 867 604 942 dolos;
618 869 673 949 qui
685 887 750 927 non
762 886 794 927 se
806 867 848 927 ibi
861 866 1031 945 locaverat,
1046 868 1102 930 ubi
1115 890 1151 930 ex
1164 869 1275 929 indus·

228 959 288 1020 tria
298 959 417 1038 positus
428 956 600 1016 videretur:
613 955 665 1015 sed
679 976 735 1038 per
745 975 837 1037 aqros
847 970 963 1018 erraret
972 971 1122 1041 tanquam
1133 956 1273 1038 fugiens,

229 1049 404 1128 timensque
422 1047 508 1127 capi,
528 1046 612 1105 unde
630 1048 674 1104 sic
690 1044 803 1104 melius
820 1045 931 1105 incidit
945 1049 978 1106 in
999 1050 1083 1108 avios
1100 1045 1273 1130 deviosque

230 1149 385 1216 pastores,
404 1153 499 1215 quam
511 1135 544 1192 in
559 1131 654 1193 alios:
672 1135 765 1193 tertio
776 1153 849 1192 cum
862 1129 999 1194 clamore
1013 1133 1197 1208 adducitur,
1216 1131 1273 1192 ubi

229 1223 368 1288 studium
382 1237 510 1305 apparet
521 1224 727 1295 rusticorum
741 1237 772 1282 et
784 1221 823 1283 ad
835 1225 948 1304 Regem
961 1223 1106 1302 trahunt,
1120 1243 1186 1306 quo
1195 1239 1274 1304 prae-

228 1313 285 1376 mii
298 1309 418 1394 aliquid
435 1313 602 1392 accipiant.

269 1401 317 1482 59.
336 1403 457 1460 Horum
473 1413 610 1482 quatuor
626 1419 772 1459 versuum
789 1400 971 1482 perplexam
988 1403 1195 1464 structionem
1212 1396 1273 1458 tibi

230 1489 333 1552 cnodo
345 1511 352 1547 ι
365 1487 517 1569 quifidcns
530 1489 640 1561 animi,
654 1501 740 1569 atqtoe
749 1502 868 1570 pomum
879 1492 910 1550 in
922 1503 1088 1572 utrumque,
1100 1509 1150 1550 seu
1160 1505 1273 1548 versam

229 1577 325 1651 dolos,
341 1599 391 1638 seu
404 1590 487 1638 certoe
495 1575 661 1638 occumbere
670 1580 756 1638 morti
759 1621 769 1651 ‚
787 1575 1193 1660 altmobtulemtseiqnutum
1203 1595 1274 1658 pas·

230 1667 351 1728 toribus
368 1665 559 1738 venientibus,
579 1679 612 1726 ut
627 1679 746 1727 strueret
762 1665 816 1727 hoc
835 1671 945 1750 ipsum,
961 1671 1138 1752 operiatque
1154 1663 1273 1749 ijam

228 1751 359 1815 Achivis.
374 1755 480 1812 Posita
493 1773 530 1812 ex
545 1753 651 1814 studio
666 1755 811 1815 intricata
822 1756 932 1831 verba,
946 1777 1011 1838 quo
1026 1753 1182 1834 intelligas
1195 1749 1273 1834 quid

1340 1258 1341 1276 l

1340 1285 1341 1300 i

1340 1449 1341 1468 l

1294 1565 1309 1580 a
1340 1553 1341 1586 l

229 1839 314 1900 intus
330 1837 439 1900 lateret
455 1841 487 1898 iu
505 1842 611 1902 animo
623 1843 766 1902 Sinonis:
783 1863 822 1901 an
839 1858 884 1902 cst
896 1844 1066 1924 quidquam
1080 1839 1272 1922 implicatius
1340 1897 1341 1900 ,

230 1928 341 1992 doloso
361 1927 506 1988 homine?
523 1929 617 2006 Quod
633 1933 661 1990 si
678 1930 710 1990 id
729 1929 877 1992 omnihus
894 1931 1064 2014 contingit,
1083 1928 1272 2012 quldputas

229 2016 354 2080 Sinoni?
363 2017 440 2100 quid
450 2038 514 2078 non
525 2021 631 2080 animo
638 2019 796 2082 volveret?
804 2035 839 2080 ut
847 2024 898 2081 cni
909 2023 1070 2107 proposita
1079 2019 1178 2100 gloria
1187 2014 1271 2098 apud

229 2107 370 2181 Graecos,
388 2107 415 2166 si
426 2108 528 2166 victor
541 2122 636 2181 csset3
656 2108 849 2190 supplicium
862 2109 945 2192 apud
959 2105 1127 2188 Trojanos,
1146 2107 1171 2164 si
1184 2102 1273 2186 quid·

229 2196 316 2276 piam
330 2192 425 2254 verbo
438 2210 612 2276 peccasset,
628 2211 723 2278 atquc
738 2199 782 2257 ita
794 2197 941 2273 haereret,
953 2210 989 2257 ut
1000 2195 1047 2255 illi
1060 2194 1151 2255 dolos
1165 2211 1273 2253 nosce·

188 2313 189 2316 ¹
230 2291 308 2344 rant.
326 2285 408 2364 Ergo
416 2283 461 2346 ,ad
479 2283 564 2348 hunc
581 2275 853 2355 curarum'aestum
871 2284 1091 2369 explicandum
1111 2283 1271 2366 aptissime

230 2371 433 2454 implicantur
445 2371 550 2434 verba.

268 2459 317 2519 63.
332 2459 418 2521 Nihil
430 2459 563 2522 hisvero
575 2463 726 2523 similius:
742 2465 901 2524 concurrit
912 2460 1004 2524 turba
1015 2461 1054 2520 ad
1064 2479 1131 2522 rem
1141 2478 1271 2530 novam3
1341 2519 1342 2522 ,

229 2558 260 2607 et
271 2548 361 2609 miles
373 2570 491 2631 procax
503 2564 549 2610 est
560 2551 600 2610 ad
614 2551 821 2612 illudendum.

268 2636 316 2696 65.
329 2637 432 2696 Locus
447 2640 638 2701 attentionis.
651 2643 721 2700 Nou
734 2638 837 2700 solum
848 2657 972 2712 vocem,
985 2635 1040 2696 sod
1053 2633 1179 2695 vultum
1193 2655 1270 2718 quo·

228 2813 351 2868 omnibus
366 2814 520 2882 codicibus,
533 2831 665 2892 quotquot
676 2817 727 2870 lsa-
771 2817 858 2884 nodo,
870 2829 921 2869 etc.
932 2841 943 2865 ι
955 2817 1038 2868 Notat
1047 2816 1128 2867 etium
1139 2813 1271 2864 Asconius

226 2892 290 2960 bui,
302 2913 416 2948 marteres
428 2915 545 2967 persona
558 2899 677 2952 secunda
689 2899 728 2954 le·
771 2898 883 2950 Verriua
896 2896 942 2950 lib.
958 2898 981 2948 ll
993 2918 998 2947 ι
1012 2919 1023 2944 ι
1035 2895 1175 2966 proprium
1189 2894 1270 2944 fuisse

227 2975 270 3045 gi,
283 2991 338 3024 non
350 2987 479 3038 manerem
493 2995 655 3048 quamquam
667 2977 726 3030 Ser·
771 2977 921 3042 Ciceronis,
934 2978 961 3028 in
971 2976 1050 3030 rebus
1063 2974 1216 3044 improvisis
1226 2989 1272 3041 po-

228 3053 285 3102 vius
302 3053 376 3104 timet
390 3049 418 3104 ‘m'
434 3050 602 3118 ὄμοιοσίλιντοι
618 3078 624 3105 :
642 3074 725 3126 quare
770 3077 834 3111 nere
859 3058 930 3110 hanc
956 3075 1064 3118 vocem,
1082 3056 1168 3114 Ecce,·
1190 3051 1271 3122 idque

227 3132 363 3197 nmmum,
381 3144 458 3186 siam
471 3136 560 3204 Ρθῑῑῑῑθ
576 3134 684 3206 legunt:
700 3148 727 3187 et
770 3139 909 3194 Maronem
926 3155 986 3188 curn
1005 3153 1069 3188 cura
1088 3146 1115 3184 et
1130 3132 1226 3204 legisse
1245 3141 1270 3181 et

227 3229 342 3266 maneres
355 3214 382 3266 in
394 3211 446 3266 fine
459 3213 579 3266 malunt:
595 3214 727 3268 sedenim
772 3217 944 3270 transtulisse.
957 3216 1024 3266 -En
1036 3226 1125 3266 autem
1136 3213 1182 3265 hic
1197 3226 1271 3264 tran·

226 3305 321 3360 prater
331 3294 453 3364 antiqua,
462 3294 501 3345 uti
509 3292 635 3360 diximus,
644 3312 727 3348 exem·
772 3299 833 3350 sitio
844 3295 878 3350 ad
890 3295 1059 3348 occasionem
1069 3294 1167 3346 erroris
1178 3304 1205 3345 at
1215 3289 1270 3341 doli

226 3371 328 3441 pluria,
342 3391 399 3444 quar
409 3387 551 3444 utrumque
560 3391 677 3444 persona
687 3392 728 3428 se·
771 3375 916 3448 pmdeudae
930 3375 1012 3427 urbis.
1030 3373 1069 3426 De
1083 3372 1189 3426 Sinonis
1206 3371 1270 3441 Epi·

204 3462 207 3466 ·
227 3450 462 3524 cundalageutlum
468 3453 602 3522 exhibent,
608 3466 727 3526 apostro-
771 3455 847 3508 sodio
855 3453 1066 3506 videls'xcursum
1077 3450 1145 3516 W,
1157 3465 1223 3502 tom.
1233 3450 1269 3513 ll,

225 3526 298 3596 phen
311 3528 370 3596 hic,
392 3545 418 3584 et
434 3551 494 3590 cum
512 3535 613 3606 ingenti
632 3533 725 3587 dolore
769 3553 832 3606 paq.
845 3531 906 3598 324.

227 3608 308 3659 animi
319 3610 417 3662 factam
429 3612 548 3668 Donatus
559 3617 605 3668 ait.
615 3615 684 3668 Pier.
803 3613 845 3668 63.
856 3610 1124 3683 Undiquessxpresait
1131 3607 1270 3660 hominum

262 3686 305 3756 57.
317 3689 391 3740 Ecce.
402 3692 480 3758 Ecce,
491 3695 654 3766 ubicumque
663 3697 722 3746 Vir·
767 3707 868 3742 morem
878 3711 884 3740 z
896 3692 956 3761 quis
966 3693 1097 3746 cnimnon
1108 3691 1199 3759 cupiat
1208 3687 1270 3738 hos-

225 3765 302 3835 gilius
319 3769 427 3837 posuit,
444 3771 554 3842 aliquod
567 3775 667 3829 malum
681 3791 723 3826 re·
766 3785 820 3826 tem
831 3789 908 3825 suum
924 3786 1033 3846 captum
1046 3769 1153 3834 videre,
1170 3783 1197 3822 ot
1212 3770 1268 3820 viso

224 3847 364 3918 pentinum
374 3860 401 3898 ct
409 3848 573 3919 insperatum
582 3853 721 3925 significat,
767 3851 897 3906 illudere?
908 3855 1008 3907 Donat.

226 3937 335 3977 auctore
346 3924 470 3978 Donato:
485 3943 514 3980 ut
528 3929 572 3984 hic
580 3944 627 3998 ,et
640 3933 722 4003 paulo
801 3931 1104 4004 sumusnostra.
1116 3929 1234 3992 insidias,
1244 3938 1270 3977 et

224 4015 307 4073 post:
325 4004 416 4058 «Ecce
430 4019 517 4060 autem
529 4011 627 4087 qemiui
643 4012 723 4063 aTe-
766 4011 874 4064 crimine
886 4012 919 4064 ab
931 4031 994 4068 uno.
1009 4011 1051 4064 Ab
1070 4027 1125 4062 uuo
1143 4027 1201 4061 reo.
1216 4007 1269 4062 Gri-
