2676 4602
305 271 358 337 IN
382 267 619 336 AENEIDOS
642 269 737 332 LIB.
761 269 824 332 IV.
1025 273 1087 341 255

39 419 127 460 meas
141 399 295 480 aspicere3
307 396 325 453 J
328 415 408 469 uno,
420 407 457 454 ut
468 395 519 454 cui
531 413 618 454 sacra
628 390 802 472 Carthagm
817 392 973 475 luppiter,
987 403 1092 481 utqui

39 503 148 570 pater3
169 502 200 548 et
218 497 348 566 uterque
365 485 439 564 quia
456 483 612 564 conjugiis
628 496 747 564 praeest.
767 479 825 542 Sed
843 503 900 542 our
920 485 1093 566 epithetum

38 579 201 639 Satumius
211 577 243 636 in
253 573 312 634 hac
324 571 565 654 conquestione?
576 593 650 632 cum
662 571 826 646 relatione,
840 573 882 632 ait
894 573 1043 656 Scaliger,
1054 577 1095 636 ad

39 665 172 725 Saturni
190 659 406 734 incommoda,
426 659 511 740 quod
527 672 644 720 astrum
660 659 824 741 pestilens,
845 673 876 720 et
889 665 977 722 omni
992 667 1096 747 majus

39 752 173 814 fortuna
184 750 268 812 mala
279 773 285 808 :
297 770 387 830 ergo,
397 750 558 829 Juppiter,
568 770 633 808 non
644 750 849 830 quicumque,
860 751 914 811 sed
923 753 1095 832 Saturnius,

41 841 153 916 idest,
169 860 302 914 nocens,
319 839 434 920 aspicit
451 835 517 897 haec
535 836 634 898 oculis
650 839 784 919 iniquis:
805 837 887 902 idem
906 840 1028 904 Servius
1043 844 1097 904 ad.

42 941 166 991 monet.
180 929 277 1008 (Vide
290 927 373 988 infra
385 925 523 1002 notam.)
929 995 933 1004 ¹
948 1001 951 1006 Ι

84 1018 157 1099 373.
176 1017 303 1076 Transit
321 1013 436 1077 deinde
453 1012 493 1071 ad
508 1010 666 1094 querelas,
685 1025 801 1072 etcum
813 1013 908 1072 AEnea
921 1017 1099 1096 expostulat
1120 1021 1121 1024 ’

42 1106 83 1168 de
101 1107 229 1187 ingrato
241 1106 359 1166 animo.
374 1103 505 1184 Incipit,
517 1122 662 1184 nusquam
672 1101 815 1182 tutaficles
825 1124 834 1159 :
846 1121 911 1160 non
922 1116 1026 1164 tutum
1036 1121 1098 1184 est,

42 1216 240 1278 quemquam
254 1197 289 1254 in
303 1193 399 1254 fidem
413 1192 567 1274 recipere,
586 1203 640 1252 aut
652 1191 691 1250 de
704 1211 865 1272 quoquam
880 1191 960 1254 bene
972 1199 1098 1272 mereri3

43 1306 106 1366 pro
124 1283 188 1344 lide
203 1285 287 1346 enirn
302 1283 444 1343 invenies
458 1279 635 1363 perfidiam.
655 1281 759 1360 Pergit
774 1279 813 1338 ad
826 1277 978 1342 beneficia
989 1305 1100 1367 expro-

42 1371 190 1434 branda:
206 1371 272 1434 haec
284 1375 423 1454 quinque
436 1384 528 1430 sunt:
547 1372 645 1452 excepi
660 1367 745 1430 illum
758 1365 879 1450 q'ectum
895 1366 992 1445 litore5
1002 1379 1101 1457 excepi

44 1476 196 1544 epentem3
209 1460 302 1524 locavi
317 1465 349 1522 in
361 1475 443 1544 parte
457 1463 554 1542 repni3
567 1462 705 1520 amissam
715 1457 834 1521 classem
846 1458 948 1520 reduxi
951 1485 963 1534 ,·
975 1476 1003 1523 et
1009 1467 1101 1524 socios

43 1573 64 1610 a
76 1566 179 1612 morte.
194 1552 343 1635 Expende
357 1551 499 1633 singula:
520 1543 618 1631 excepi
631 1545 753 1632 ejectum
768 1545 863 1623 litore,
885 1562 922 1609 ut
936 1571 1006 1612 vere
1019 1574 1098 1614 nau-

43 1642 190 1722 fragum
209 1664 285 1702 nam
304 1641 448 1722 naufragi
466 1640 612 1702 dicuutur
625 1637 731 1720 ejecti:
749 1640 848 1720 excepi
860 1653 1003 1720 epentem,
1025 1645 1099 1724 quia

45 1750 234 1812 oppressum
250 1733 358 1812 inopia
372 1729 532 1790 sublevavi
544 1751 551 1786 :
569 1726 663 1788 locavi
672 1730 704 1788 in
713 1739 794 1808 parte
806 1729 888 1808 requi
892 1769 901 1800 ,
913 1741 1021 1788 contra
1033 1751 1100 1790 orn·

45 1839 122 1878 nem
131 1809 307 1880 humanum
316 1839 447 1894 morem,
458 1815 657 1898 eitScaliger3
668 1816 739 1876 ideo
747 1813 873 1890 demens,
884 1837 959 1878 nam
969 1839 1101 1898 reguum

46 1928 118 1966 non
131 1904 212 1966 duos
225 1909 329 1988 capit:
345 1906 446 1968 reduxi
457 1902 578 1967 classem
590 1907 741 1978 amissam,
757 1903 797 1964 sd
812 1924 906 1984 quarn
919 1926 984 1968 rem
997 1928 1101 1968 neces-

46 1995 126 2068 sarii
145 1996 251 2074 magni
272 2007 431 2074 sumptus:
454 1992 557 2053 redtrxi
574 1995 666 2053 socios
686 2015 706 2052 a
722 2005 822 2052 morte.
841 1992 901 2054 llic
915 2013 982 2053 non
998 1996 1102 2056 solum

47 2079 163 2162 objicit
175 2085 299 2164 private
308 2081 473 2158 beneficia,
487 2079 542 2142 sed
553 2083 647 2142 etiam
658 2081 837 2142 communia
848 2082 1018 2156 sociorum,
1028 2087 1103 2164 quia

46 2173 163 2230 AEneas
177 2192 242 2231 non
258 2175 400 2254 privatus
414 2171 512 2232 homo
526 2183 587 2234 est:
603 2173 698 2251 igitur
711 2190 862 2250 reponere
873 2168 953 2228 mihi
967 2176 1102 2252 gratiam

46 2260 146 2320 debes
158 2276 288 2342 propter
300 2262 418 2336 socios,
431 2262 507 2341 quia
521 2273 558 2320 tu
568 2279 678 2322 eorum
689 2259 762 2318 Rex.
773 2263 776 2272 '

91 2350 162 2432 376.
181 2350 331 2412 Praeclare
350 2348 539 2410 oblocutura
561 2350 594 2408 in
614 2349 712 2422 Deos,
732 2347 848 2406 furoris
869 2351 1103 2411 excusationem

47 2436 212 2522 praefatur.
225 2440 311 2516 Quid
322 2459 397 2500 vero
410 2440 444 2498 iu
456 2436 556 2510 Deos?
567 2439 673 2514 Quum
686 2458 752 2498 non
765 2433 894 2512 habeat,
910 2437 994 2498 unde
1006 2443 1106 2521 possit

48 2527 170 2587 horum
181 2530 398 2588 auctoritatem
408 2525 561 2603 refellere,
572 2526 694 2586 deludit
704 2539 888 2606 argumenta
896 2527 960 2586 risu
971 2541 1105 2605 teritum,

49 2627 162 2674 secuta
180 2613 264 2674 Dida
283 2628 398 2674 sectam
415 2614 659 2694 Epicureorum,
678 2616 733 2695 qui
752 2611 915 2688 dicebant,
937 2617 1020 2674 Deos
1041 2637 1105 2675 non

51 2721 167 2763 curare
178 2699 245 2761 brec
259 2702 418 2762 inferiora.
432 2702 523 2777 Ideo,
541 2700 660 2763 Scilicet
672 2704 695 2760 is
706 2703 814 2782 superis
829 2698 912 2759 labar
921 2714 961 2760 est
964 2725 976 2772 ‚·
988 2723 1021 2760 ea
1036 2724 1107 2762 cura

49 2793 165 2873 quietos
176 2787 333 2851 Sollicitat.
351 2791 389 2850 ln
406 2809 470 2870 quo
486 2809 593 2863 versu,
607 2803 644 2848 ut
657 2789 761 2864 vides,
776 2787 869 2847 exiles
883 2801 914 2846 et
930 2801 1037 2848 tenues
1051 2809 1109 2848 vo·

50 2880 135 2940 cales
155 2877 360 2941 dominantur
375 2877 560 2938 confertim:
583 2898 698 2957 magna
711 2875 840 2958 quidem
853 2895 903 2936 res
920 2888 999 2951 erat,
1017 2881 1106 2938 Nun·

90 3043 155 3112 372.
178 3041 234 3093 Nec
255 3041 400 3094 Saturnius.
419 3041 456 3092 Ut
479 3057 562 3112 supra
605 3038 865 3098 -Amissam.Hoc
885 3041 1016 3091 satisfuit
1036 3045 1106 3094 vati:
1199 3031 1202 3036 ¹

52 3117 161 3173 dictum
188 3132 245 3172 est.
268 3119 424 3192 ubicunque
451 3120 561 3172 infestos
606 3132 688 3190 poeta
701 3119 797 3191 aliquis
808 3119 924 3192 vulgaris
937 3119 1051 3178 laxasset
1063 3122 1107 3174 hic

51 3201 114 3252 vult
129 3200 285 3268 ostendere,
297 3200 339 3252 vel
354 3201 505 3266 lunonem,
519 3198 563 3252 rel
605 3199 743 3265 habenas,
760 3213 785 3250 et
802 3197 919 3260 diceret;
938 3200 1021 3252 refeci
1038 3201 1109 3254 clas·

52 3282 171 3348 lovem,
192 3281 327 3335 Saturnios
352 3279 493 3352 appellat:
514 3292 562 3346 ut,
607 3299 678 3347 sem,
695 3301 747 3352 qua
759 3300 800 3332 me
816 3279 968 3342 desereres3
984 3293 1010 3332 et
1024 3283 1111 3336 multa

56 3361 241 3431 :Veterisque
253 3379 355 3412 memor
369 3361 492 3413 Saturnia
507 3359 562 3411 bel·
607 3363 635 3412 in
646 3361 719 3412 hunc
735 3359 854 3411 modum.
871 3361 979 3412 Parcius
991 3361 1106 3414 Noster':

53 3443 74 3494 li
85 3463 117 3504 »ς
133 3453 177 3504 et,
198 3441 379 3513 «Saturnique
399 3441 484 3494 altera
497 3458 563 3511 pro·
606 3440 737 3492 hocenim
746 3437 1110 3512 cogitandumreliquit,nam

52 3523 95 3574 les
111 3523 217 3572 lrarnrn
230 3533 319 3572 tantos
335 3521 418 3574 volvit
434 3521 485 3572 sub
501 3539 563 3590 pec·
608 3535 634 3576 et
643 3521 721 3572 dolor
728 3520 795 3572 illud
804 3521 1106 3590 supprimebatsiclul.

55 3615 117 3653 tore
125 3598 242 3650 fluctus»
252 3622 259 3664 ;
270 3613 296 3652 et
304 3601 398 3650 Jovem
406 3599 467 3651 ideo
475 3601 564 3652 Satur·
609 3602 704 3674 Scalig.
717 3599 821 3667 Quibus
832 3599 921 3652 verbis
931 3601 1056 3665 Ovidium
1069 3619 1112 3658 ta·-

55 3683 135 3732 nium
145 3679 227 3730 modo
239 3680 371 3752 appellat,
383 3679 565 3749 quiaAEneam
610 3683 661 3733 cite
673 3679 854 3752 reprehendit,
864 3680 937 3751 apud
945 3700 1024 3754 quem
1035 3685 1110 3758 Phyl-

55 3781 71 3812 a
87 3758 254 3830 Carthagine
270 3759 391 3830 precipit
410 3757 562 3810 abscedere.
609 3761 661 3814 lis:
678 3784 688 3808 u
703 3759 761 3826 Ah,
781 3758 882 3812 laceras
906 3763 985 3814 etiarn
1003 3783 1111 3837 puppes

95 3838 293 3910 375.Amissam
303 3835 567 3903 classem.Subaudis,
609 3842 713 3894 furiose
726 3840 825 3906 refeci,
839 3842 875 3892 Ut
889 3860 943 3914 qua
956 3841 1108 3910 desererer,

58 3919 197 3972 renovavi.
205 3920 331 3986 -Quasi
343 3931 437 3970 contra
446 3936 487 3970 me
499 3919 565 3980 feci3
610 3921 687 3972 firma
696 3921 788 3972 carina
800 3921 878 3973 foret.
890 3947 901 3970 n
918 3924 1006 3977 Cerdo.

57 4020 124 4054 narn
138 4001 197 4052 sinc
211 3999 257 4051 illa
268 3999 393 4072 navigare
404 4017 459 4052 non
467 4009 566 4070 posset.
647 3999 706 4070 377.
726 4001 813 4053 Nunc.
833 3997 915 4069 Quasi
935 4003 1023 4069 dicat,
1038 4022 1108 4056 nunc
