2670 4596
343 266 395 332 m
418 269 652 338 nnnroos
676 273 768 338 Lm.
794 276 819 338 1.
936 316 938 324 ,
1059 279 1095 357 rit

63 403 104 452 trn
115 392 250 473 reponis?
270 390 368 467 Quasi
380 389 481 451 dicat?
495 392 541 451 lta
556 413 613 473 per
626 394 788 476 naufragia
803 408 833 454 et
848 395 952 455 ruinas
964 397 1101 456 restituis

64 500 191 561 regnum
210 479 327 558 Trojae,
347 479 433 561 quod
454 483 628 558 amisimus,
651 485 715 543 imo
737 483 821 565 quod
843 483 1026 566 reliquimus
1045 499 1100 544 tuo

64 568 155 628 nutu?
166 567 229 628 hoc
241 565 384 649 profecto
397 570 502 628 innuit
515 567 611 628 verbo
624 569 679 629 illo
692 573 815 652 reponis.

100 656 166 732 254.
188 659 312 717 Praebet
329 677 362 716 se
382 659 400 716 J
405 661 526 740 oppiter
543 657 655 719 Veneri
670 659 844 740 placidum3
863 681 937 720 nam
955 659 1102 722 subridens

64 743 125 819 olii,
139 745 225 806 vultu
237 745 308 820 illo,
318 767 377 827 quo
389 744 491 806 cetum
503 762 634 823 serenat,
646 771 703 829 quo
717 762 900 830 tempestates,
914 747 1015 808 libavit
1025 760 1102 806 narce
1155 827 1157 833 A

64 833 174 908 oscuia,·
193 856 253 894 vox
272 833 419 894 subridens
436 848 641 916 temperatum
656 839 767 911 risum,
788 857 852 896 non
871 836 1005 897 effusum
1023 836 1103 895 indi·

64 937 120 997 cat,
139 945 178 982 ex
197 922 311 983 decoro
328 925 431 983 lovis:
451 937 481 983 et
500 922 641 982 subridet
660 923 722 998 illi,
741 937 775 982 ut
792 927 952 984 tristitiam
971 925 1100 997 adimat,

62 1031 119 1089 qua
135 1021 302 1070 accesserat
318 1031 390 1090 cun)
406 1009 570 1091 lacrymis:
589 1025 620 1069 et
636 1009 791 1085 subridet,
810 1015 883 1092 quia
900 1012 939 1071 ad
951 1003 1100 1072 Venerem

60 1101 199 1178 φιλομειδῆ.
220 1103 263 1160 Ac
281 1121 320 1159 ne
340 1101 409 1180 quis
427 1101 460 1158 in
480 1099 535 1159 illo
556 1099 721 1160 mollitiem
739 1114 861 1180 arguat,
881 1102 934 1180 qui
952 1104 1102 1160 Venerem

61 1184 273 1260 deosculetur,
286 1185 363 1246 lenit
373 1189 466 1262 mire,
479 1208 577 1268 quum
587 1189 644 1262 ait,
659 1186 773 1260 libavit,
786 1187 840 1246 ubi
854 1187 1045 1248 levissimum
1058 1208 1104 1247 os·

1 1303 3 1328 t
60 1273 183 1350 culum,
203 1296 306 1356 neque
327 1297 398 1336 cum
420 1297 522 1350 mora,
548 1279 660 1358 signat.
683 1278 712 1337 Si
733 1275 793 1335 hoc
814 1297 878 1336 non
900 1279 986 1351 satis,
1011 1288 1101 1347 natue,

61 1364 175 1422 etenim
187 1362 287 1422 filiam
300 1365 398 1444 accipi
413 1363 539 1439 osculo,
559 1365 629 1445 quis
641 1361 868 1446 reprehendat?
883 1365 966 1440 Quin
983 1365 1027 1422 ait
1040 1364 1104 1422 Ser-

1 1451 3 1474 '
60 1452 143 1528 vius,
163 1451 304 1512 osculum
324 1451 484 1532 religionis
507 1473 585 1526 esse,
606 1453 684 1512 sicut
704 1453 847 1512 suavium
867 1451 1050 1532 voluptatis:
1072 1462 1103 1508 et

60 1543 200 1601 Donatus
218 1543 250 1599 in
267 1540 456 1601 Eunuchum
472 1543 623 1615 Terentii,
642 1541 699 1616 ait,
714 1541 819 1601 oscula
833 1561 897 1602 esse
909 1539 1102 1610 officiorum,

62 1632 165 1689 suavia
187 1627 375 1704 libidinum,
396 1627 484 1689 basia
508 1628 695 1710 pudicorum
717 1627 905 1690 affectuum:
930 1627 1001 1688 vide
1026 1637 1102 1707 quot

61 1721 285 1779 excusationes.
293 1720 453 1778 Praemissa
461 1719 527 1798 jam
538 1717 766 1798 significatione
778 1721 906 1793 amoris,
917 1716 1021 1779 debinc
1031 1712 1101 1776 tatia

58 1809 144 1888 saner.
156 1810 231 1868 Fuit
245 1806 299 1866 illa
312 1806 499 1888 significatio
513 1810 684 1868 necessaria
694 1807 733 1869 ad
744 1811 870 1870 Veneris
880 1810 1020 1868 animum
1030 1825 1101 1866 con-

1 1909 2 1920 *
61 1895 262 1958 firmandum.

0 2049 1 2068 ξ
97 1987 165 2070 257.
179 1989 287 2047 Primo
299 1985 347 2046 illi
358 1999 477 2047 metum
491 1988 610 2048 adimit.
628 1991 698 2063 Est,
715 2009 801 2069 perce
815 2001 905 2061 metu,
923 1983 1022 2066 abjice
1037 2003 1099 2042 me·

60 2087 133 2135 turn.
149 2077 278 2136 Dixerat
290 2077 411 2136 Venus:
426 2067 505 2137 Certe
517 2075 586 2137 bine
598 2080 760 2149 Romanos,
773 2089 825 2136 etc.
838 2073 1016 2156 Respondet
1026 2072 1102 2149 Jup-

60 2167 151 2245 pitcr,
172 2178 295 2225 manent
310 2164 360 2225 tibi
375 2179 490 2226 tuorum
500 2166 571 2248 fata
587 2168 719 2226 immota.
739 2163 899 2245 Expende,
919 2172 1051 2232 manent,
1071 2169 1103 2216 et

61 2256 193 2328 immoto,
207 2269 238 2314 et
252 2254 312 2314 tibi.
328 2251 430 2314 Verba
446 2256 569 2336 signata
581 2254 620 2313 ad
633 2252 823 2334 infigendum
837 2268 952 2312 certam
967 2268 1053 2331 spem
1067 2247 1101 2305 in

60 2345 198 2402 animum
213 2340 352 2404 Veneris.
365 2344 469 2420 Quare
480 2342 545 2402 fata
556 2340 623 2401 haec
635 2339 785 2400 immota?
797 2341 885 2421 quia,
897 2358 992 2399 cernes
1004 2333 1102 2396 urbem

60 2433 173 2505 Lavini,
186 2443 216 2490 et
224 2433 365 2512 promissa
377 2432 484 2490 moenia
495 2453 503 2490 :
518 2429 612 2490 diluit
625 2431 741 2511 quippe
756 2427 850 2502 illud,
862 2429 989 2488 Cuneus
998 2421 1033 2483 ob
1042 2425 1101 2483 Ita·

63 2517 128 2576 liam
142 2533 284 2578 terrarum
298 2515 445 2578 clauditur
457 2517 542 2578 orbis.
557 2519 653 2595 Quasi
667 2518 762 2590 dieat;
776 2537 840 2576 non
855 2515 958 2574 solum
971 2512 1101 2590 attinget

61 2606 195 2681 ltaliam3
218 2607 272 2667 sed
291 2606 405 2667 condet
425 2607 469 2666 ibi
488 2605 618 2666 urbem:
641 2607 780 2678 demum,
803 2605 876 2684 quia
895 2602 949 2660 illa
966 2599 1099 2669 dixerat,

61 2693 121 2754 eoeli
135 2696 240 2777 quibus
255 2697 364 2756 annuis
379 2715 489 2768 arcem,
512 2695 556 2753 ait
572 2696 732 2775 luppiter,
750 2690 957 2770 sublimemque
968 2688 1045 2769 seres
1062 2683 1102 2742 ad

60 2781 151 2842 sidera
167 2781 247 2855 cett,
265 2785 496 2863 annanimum
512 2785 646 2841 AEnenn:
664 2796 695 2840 et
703 2782 797 2864 feres3
815 2799 889 2837 nam
908 2776 1024 2855 gratius
1040 2771 1100 2830 hoc

4 2943 5 2950 ἵ
62 2886 153 2945 esset,
165 2874 190 2930 si
204 2893 262 2953 per
276 2870 361 2931 illam
374 2871 476 2946 fieret,
490 2873 533 2930 ait
545 2871 676 2930 Servius.
691 2873 766 2930 Haec
781 2870 806 2928 si
819 2865 969 2940 accident,
983 2874 1019 2922 ut
1030 2880 1100 2920 vere

4 2959 5 2976 *
63 2961 216 3035 accident,
229 2982 292 3020 non
303 2983 348 3020 me
361 2961 610 3021 ulliussententia
621 2961 710 3020 vertit.
1067 2978 1070 2984 ’

99 3049 166 3110 261.
181 3050 269 3110 Ordo
282 3063 345 3108 est:
362 3051 421 3110 Hie
435 3050 544 3108 AEneas
555 3060 632 3129 peret
643 3044 750 3108 bellum
762 3048 862 3128 inpens
876 3039 1020 3113 initalia,
1033 3058 1101 3099 eon·

65 3138 214 3220 nendetque
223 3134 346 3219 populos
350 3139 463 3220 feroces
467 3182 477 3210 ,
495 3149 636 3218 ponetqtoe
647 3137 715 3194 viris
728 3155 832 3208 mores,
847 3146 876 3192 et
886 3132 1009 3190 moenia:
1026 3138 1102 3184 nota

97 3259 154 3325 abi.
177 3259 234 3312 otti
254 3260 390 3312 subridens.
414 3263 450 3312 Ut
468 3263 557 3314 Venus
603 3279 632 3312 re
649 3259 791 3320 debemus3
812 3269 838 3309 et
858 3256 896 3306 sic
915 3250 950 3303 ad
969 3248 1100 3300 actionem

6 3399 7 3406 χ
64 3339 198 3411 lacrymis,
223 3353 366 3410 antequam
385 3341 557 3411 loqueretur,
603 3339 781 3404 descendere,
798 3333 870 3406 quod
882 3343 909 3384 et
919 3329 972 3380 hoc
983 3328 1043 3378 loco
1053 3327 1100 3376 Ju-

64 3418 218 3491 significavit
229 3417 355 3470 dolorem
366 3421 515 3486 internum,
533 3432 559 3472 et
602 3418 759 3488 piterfaeit:
771 3427 831 3468 ante
844 3413 914 3463 enim
924 3407 1028 3475 objecta
1037 3423 1100 3476 pur·

65 3497 125 3567 quid
134 3497 241 3550 dictura
251 3501 334 3550 ess'et:
348 3499 386 3548 sie
394 3499 499 3568 Jupiter
509 3511 560 3550 sta·
603 3507 663 3567 gat,
678 3495 751 3546 etsie
762 3493 833 3544 venit
843 3489 878 3540 ad
887 3486 1099 3558 promissionem.

64 3579 107 3627 tim
119 3577 213 3630 debuit
224 3577 359 3630 hilaritate
370 3577 458 3629 vultus
475 3590 502 3629 et
518 3595 559 3629 os·
602 3572 774 3644 -Cytherem
782 3570 887 3631 Omnia,
894 3585 951 3638 quae
957 3565 1101 3637 apudGrae·

63 3657 136 3722 culo,
149 3669 176 3709 et
185 3659 273 3728 prima
286 3669 361 3727 perte
374 3659 502 3709 orationis
514 3655 561 3710 de-
604 3671 649 3706 cos
660 3672 678 3702 n
690 3650 885 3722 diphthongum
896 3647 1009 3711 habent,
1029 3644 1101 3715 apud

62 3753 130 3787 mere
146 3755 272 3807 angorem
286 3735 362 3802 filioe,
377 3755 427 3789 nec
442 3737 561 3808 oportuit
604 3735 712 3786 Latinos
722 3729 1103 3802 ineproductumeouvertun

8 3847 9 3858 t
63 3833 116 3866 eam
129 3817 287 3868 circuitione
297 3814 404 3867 deferri.
417 3817 513 3868 Donat.
605 3828 656 3866 tur.
680 3808 807 3881 Koiipna,
837 3811 966 3881 Cytherea.
994 3805 1100 3867 nitriae,

95 3893 155 3962 ²57·
178 3895 260 3946 Parce
280 3903 360 3946 metu,
381 3894 511 3961 Quotiens
533 3896 561 3946 iu
597 3898 708 3948 ¹AEnem.
722 3891 828 3966 Misere,
845 3892 945 3944 Medea.
959 3892 1030 3942 Serv.

9 4009 11 4026 .
63 3975 159 4027 caussis
172 3975 325 4048 arguimur,
336 3987 396 4028 ante
407 3993 455 4028 nos
465 3961 562 4047 purga·
643 3976 701 4028 261,
716 3975 773 4028 Tibi
779 3976 858 4047 fabor
871 3973 949 4024 enim.
966 3971 1023 4024 Hoc
1040 3968 1100 4022 loce
