2692 4594
320 319 373 382 m
398 318 636 402 ursinos
659 321 753 384 arn.
778 323 840 386 tv.
1038 331 1102 420 239

91 445 166 522 196.
181 441 299 502 Eadem
311 442 479 518 celeritate,
493 464 554 522 qua
569 442 606 502 ad
623 442 714 518 alios,
727 442 767 504 ad
779 443 902 505 larbam
919 468 1043 529 quoque
1054 451 1106 512 de-

43 533 137 594 latus
154 554 279 598 rumor:
297 553 389 614 supra
401 531 559 613 extemplo,
579 536 823 614 rumpentium,
840 549 1044 600 consentanee
1066 539 1107 600 ad

46 621 248 686 celeritatem
259 623 363 680 Fama
376 643 383 680 ι
397 641 470 701 ergo
482 621 535 680 illa
547 620 695 702 detorquet
703 643 832 696 cursum,
845 625 974 686 sednon
986 629 1043 688 sub
1055 629 1109 690 ali-

46 733 114 793 qua
131 733 278 793 persona.
298 712 419 792 ,Vulgus
431 713 521 776 ,enim
539 710 650 786 defert,
672 711 783 792 vulgus
797 714 934 778 incendit
949 719 1108 797 animum,

44 801 168 882 vulgus
181 804 243 863 iras
255 815 396 884 aggerem
410 801 456 864 illi
470 801 634 874 nimirum,
649 803 703 881 qui
716 822 732 860 e
745 802 839 883 vulgo
854 825 1011 868 rumorem
1025 829 1108 890 spar-

46 903 180 964 serunt;
196 891 269 950 inde
284 905 392 972 postea
405 911 520 954 rumore
531 889 670 950 adsensus
679 911 795 955 ,amaro

92 982 166 1060 198.
183 981 365 1062 Digreditur
377 980 416 1040 ad
432 981 529 1040 Iarbae
542 1000 653 1060 genus,
666 993 696 1040 et
709 981 909 1062 religionem:
921 1006 1035 1066 ,genum
1048 986 1113 1064 fuit

46 1068 136 1136 filius
151 1069 305 1151 Nymphae
321 1070 567 1144 Garamantidis,
580 1090 674 1150 quam
686 1071 832 1151 Juppiter
842 1075 977 1138 Ammon
988 1088 1110 1158 raptam
1157 1071 1160 1080 ’

45 1179 82 1216 ex
95 1169 191 1238 patre
202 1159 391 1242 Garamante
403 1161 602 1241 compressit3
615 1159 675 1218 fuit
685 1153 838 1226 Garamas
847 1161 930 1225 filius
939 1167 1109 1246 Apollinis,

47 1249 73 1306 si
91 1249 206 1307 Servio
221 1247 394 1307 credimus:
410 1249 536 1330 religi03
552 1247 716 1310 edificavit
730 1250 763 1308 in
777 1247 930 1312 honorem
948 1256 1109 1332 Ammonis

46 1337 150 1417 patris
165 1336 282 1416 templa
294 1349 436 1410 centum,
451 1357 519 1396 aras
537 1351 678 1411 centum,
694 1337 833 1417 singulas
851 1341 886 1404 in
903 1333 1028 1423 templis
1047 1346 1109 1404 sin-

48 1427 156 1506 gulis:
174 1423 213 1484 ad
229 1423 293 1484 haee
309 1427 341 1484 in
358 1426 506 1496 omnibus
521 1428 626 1506 ignem
640 1439 809 1504 aeternum,
824 1443 953 1493 aeternas
967 1433 1110 1494 excubias

47 1515 205 1574 Deorum.
220 1516 358 1574 Sacravit
371 1517 404 1574 in
417 1509 542 1597 templis
555 1528 705 1578 aeternum
719 1518 839 1598 ignem,
855 1518 893 1580 ad
907 1541 1000 1602 quem
1010 1535 1111 1582 essent

48 1617 179 1664 aeternas
193 1625 318 1684 quoque
333 1605 469 1667 excubiae
486 1605 639 1666 servando
656 1606 739 1686 igni,
758 1629 827 1687 quae
842 1613 948 1668 omnia
965 1612 999 1670 in
1011 1609 1111 1672 hono-

50 1711 119 1752 rem
135 1694 290 1754 Deorum.
308 1693 413 1772 Pergit
427 1692 538 1773 religio
553 1691 670 1754 larhae:
686 1694 804 1775 templa
823 1694 889 1756 haec
902 1697 1007 1758 multis
1025 1701 1111 1760 victi·

50 1781 111 1839 mis
127 1793 317 1855 sacraverat,
336 1781 442 1842 multis
458 1780 606 1844 floribus:
623 1773 661 1842 ab
675 1784 826 1862 sanguine
843 1785 998 1864 pecudum
1016 1785 1116 1848 solunt

49 1871 166 1950 pinque
170 1892 182 1941 ;
196 1869 234 1928 ab
249 1869 379 1930 floribus
387 1870 530 1952 florentia
546 1867 667 1936 limma:
682 1883 756 1937 sunt
773 1869 879 1952 templa
894 1874 1052 1948 immunia,
1066 1877 1113 1936 in-

53 1958 175 2038 gentio.

92 2047 169 2106 203.
184 2048 288 2123 Quare
307 2071 408 2112 ommes
426 2051 540 2112 animi?
556 2051 633 2129 quia
649 2052 745 2112 Fama
760 2052 818 2110 irus
835 2055 999 2132 apparavit:
1017 2074 1112 2132 quare

52 2133 200 2196 adsensus
208 2155 323 2198 rumore
332 2137 455 2196 amaro?
462 2138 541 2216 ,quia
551 2136 658 2196 eadem
672 2135 800 2195 incendit
809 2140 943 2196 animum
952 2137 1044 2197 dictis.
1055 2142 1114 2199 lta-

53 2245 117 2305 que
137 2221 190 2284 hic
206 2245 308 2284 versus
322 2226 432 2306 procul
448 2225 543 2286 duhio
561 2223 729 2306 respondet
743 2227 915 2303 superiori:
931 2240 961 2285 et
981 2240 1112 2309 utroque

52 2310 231 2372 includitur
247 2313 361 2394 duplex
373 2311 502 2376 alfenus
517 2311 750 2392 potentissimus
764 2313 798 2369 in
811 2309 1009 2387 hominibus,
1026 2315 1069 2376 ita
1083 2329 1114 2378 et

53 2400 152 2462 dolor
163 2425 174 2460 s
186 2423 264 2483 quos
278 2402 410 2462 affectus
421 2400 575 2482 zelotypia
587 2403 697 2483 genuit
708 2403 741 2461 in
753 2402 854 2462 larba.
874 2403 959 2479 Quid
974 2425 1048 2464 vero
1063 2405 1115 2466 fu-

54 2511 145 2564 rens,
161 2490 238 2572 qnid
253 2487 386 2550 dolens?
401 2489 540 2568 procedit
554 2502 626 2549 ante
640 2510 722 2564 aras,
739 2491 883 2571 interque
902 2493 1041 2554 Deorum
1057 2516 1114 2553 nu·

55 2579 99 2636 mi
105 2598 163 2651 na,
178 2590 209 2636 et
220 2577 403 2652 simulacra,
416 2576 746 2658 supplicabundusque
756 2581 877 2660 supinis
887 2581 1048 2656 manibus,
1060 2580 1114 2644 do·

56 2664 162 2726 lorem
175 2686 282 2739 suum,
296 2679 327 2726 et
338 2667 457 2731 irarum
469 2686 576 2728 causas
591 2667 792 2745 exprompsit.

96 2753 171 2813 206.
186 2753 300 2834 Incipit
312 2752 350 2814 ab
362 2753 661 2813 commemoratione
672 2751 851 2810 officiorum
864 2754 1032 2829 inderem,
1045 2766 1113 2818 tum

57 2857 93 2904 ut
110 2843 202 2906 illum
220 2844 279 2902 sibi
294 2843 452 2918 conciliet,
466 2856 534 2903 tum
549 2856 586 2902 ut
602 2841 834 2901 dissimulanter
851 2843 1011 2922 ingratum
1029 2865 1115 2904 aecu-

59 2947 125 2994 set:
136 2952 233 3015 porro
244 2933 404 2992 irrisiones
416 2930 584 3013 quasdam,
596 2951 671 3010 quas
682 2929 811 3010 quidam
821 2930 975 3006 inferunt,
988 2952 1053 2990 non
1063 2953 1117 3013 pu·

59 3037 167 3084 mmus
179 3043 244 3082 esse
256 3044 291 3082 ex
304 3023 531 3083 consuetudine
540 3035 656 3104 poetae,
671 3021 725 3102 qui
738 3019 777 3080 de
787 3021 853 3080 Diis
862 3041 982 3104 semper
993 3022 1117 3104 religio·

59 3115 183 3174 sissima
198 3113 349 3194 loquitur.
369 3113 498 3192 Officia,
517 3135 586 3195 quae
604 3127 844 3189 commemorat,
863 3127 950 3187 sunt,
968 3111 1116 3183 celebrari

61 3201 104 3262 ab
119 3202 305 3262 Mauritanis
318 3203 426 3282 epulas
441 3203 475 3262 in
488 3201 643 3264 honorem
653 3202 755 3274 Jovis3
770 3213 800 3260 ct
813 3213 884 3281 post
896 3221 959 3274 cas,
972 3197 1116 3261 namhoc

61 3306 108 3353 est
122 3289 257 3374 epulata,
270 3291 362 3352 libari
380 3295 504 3368 vinum,
519 3293 613 3373 idque
629 3299 705 3351 toris
719 3293 820 3372 pictis.
841 3293 938 3350 Servit
952 3287 1117 3369 epitheton

62 3387 163 3446 totius
175 3382 326 3442 orationis
343 3397 548 3464 argumento:
569 3403 588 3442 o
603 3395 653 3457 tu,
666 3381 721 3462 qui
736 3382 844 3455 omnia
861 3391 965 3459 potes,
984 3399 1039 3436 cur
1056 3376 1117 3436 fers

64 3483 192 3535 tantum
203 3468 348 3535 facinus?
771 3493 775 3502 ·

106 3631 167 3686 205.
181 3632 305 3684 Manibus
318 3633 424 3703 supinis.
442 3632 571 3698 Solehant
617 3630 652 3680 sis
664 3625 699 3680 ad
707 3641 806 3692 terram
814 3625 937 3678 manibus
945 3626 1116 3692 invocabant.

64 3731 140 3764 orare
151 3724 270 3776 veteres,
283 3709 361 3780 (hinc
373 3710 571 3781 oratoresilicti)
598 3719 601 3730 ¹
652 3707 711 3760 206.
732 3707 837 3778 Jupiter
858 3701 1026 3777 omnipotens.
1036 3778 1040 3783 .
1052 3707 1118 3777 Epi·

66 3793 111 3846 rel
122 3793 234 3858 Jovem,
246 3792 289 3844 vel
303 3791 437 3861 Superos,
452 3810 507 3853 non
525 3809 571 3842 ex·
616 3788 692 3840 theta
702 3806 760 3858 quac
772 3789 1053 3841 commemorationem
1066 3805 1118 3858 po-

67 3871 171 3942 passis,
184 3888 270 3938 neque
280 3871 426 3940 porrectis,
441 3869 488 3922 sed
501 3871 573 3940 supi·
615 3871 706 3921 ,tentiae
727 3867 844 3934 hahent,
866 3867 1001 3920 interdum
1019 3885 1116 3938 expro-

68 3952 110 4002 nis
118 3949 254 4015 manibus,
262 3951 337 4002 itaut
344 3949 440 4020 palmae
448 3949 512 4000 eaelo
526 3949 573 4000 ob·
616 3949 748 4000 hrationis
772 3950 823 4000 vim
850 3947 989 4013 obtinent,
1013 3960 1043 4000 ut
1065 3945 1119 3998 hoc

70 4048 154 4084 versas
169 4029 339 4093 levarentur:
354 4030 458 4086 lnleros
476 4028 573 4084 demis·
618 4027 689 4090 loco.
701 4030 771 4087 Serv.
783 4028 903 4084 Donatus
915 4026 989 4082 idem
1000 4038 1099 4083 censet.
