2644 4614
228 313 304 422 ¹iso
568 311 950 377 uouunnmnm

239 435 371 494 Martem
388 433 536 516 fatigant,
557 435 729 516 deposcunt
743 435 862 496 bellum
881 457 953 496 cum
967 436 1131 512 clamore;
1154 437 1206 498 illi
1220 440 1293 498 vide

238 521 314 582 licet
322 522 466 604 juvenes,
479 545 613 607 quorum
625 539 738 586 matres
749 528 889 586 attonitae
898 525 1040 601 baccho,
1052 528 1086 587 id
1098 541 1166 603 est,
1178 527 1290 589 Baccho

240 613 331 691 quasi
344 614 437 672 Furia
449 615 604 688 excitatae,
616 635 673 696 per
687 617 756 674 aria
770 634 899 674 nemora
912 614 1070 674 insultant
1082 613 1228 696 thyasis,
1240 616 1290 694 agi·

239 712 345 760 tantur
354 701 648 780 vociferationibus,
659 703 769 764 dantes
780 724 908 785 operam
918 703 1108 764 bacchanali
1119 707 1168 764 rei
1179 729 1187 763 ε
1200 703 1291 765 reddit

237 791 408 866 rationem,
430 813 484 852 cur
499 790 533 851 hi
550 793 680 872 juvenes
692 792 836 852 arderent
850 789 990 850 bellandi
1005 791 1208 872 cupiditate,
1229 791 1290 872 quia

236 876 354 936 Amatae
370 879 494 960 Reginte
507 902 640 956 nomen,
653 901 718 940 non
731 881 808 940 leve.
821 878 905 955 Quid
916 881 1002 939 enim
1012 901 1080 940 non
1094 880 1290 940 auctoritatis

237 960 330 1024 habet
345 969 490 1050 princeps
504 969 644 1030 femina?
1096 995 1099 1000 ·

277 1055 344 1114 583.
353 1056 511 1118 Estveluti
519 1057 725 1140 epiphonema
735 1080 742 1116 ι
754 1055 1109 1139 praecessitvociferatio
1118 1069 1291 1138 pastomm,

237 1154 267 1200 et
285 1139 439 1222 juvenum
462 1147 656 1208 urbanorum
677 1146 882 1206 clamantium
903 1145 1069 1227 praelinm:
1093 1165 1174 1225 ergo
1195 1144 1289 1204 cuncti

237 1229 323 1290 illico
338 1232 455 1294 bellum
467 1249 618 1318 poscunt3
632 1236 683 1296 sed
698 1234 854 1317 infandum
859 1259 870 1309 ,·
883 1236 959 1317 quia
973 1249 1076 1295 contm
1089 1230 1217 1308 omina,
1231 1253 1290 1293 con·

240 1320 359 1402 {rosata
370 1325 466 1384 Deum
477 1349 485 1383 :
499 1327 543 1384 ait
555 1327 656 1385 omina
668 1345 740 1384 curn
750 1337 888 1404 respectu
901 1322 1040 1404 adapes,
1056 1335 1089 1382 et
1099 1321 1142 1381 ad
1155 1324 1290 1382 incensas
1314 1398 1315 1410 χ

171 1412 172 1420 ’
239 1407 378 1470 liaviniae
392 1431 516 1472 comas:
538 1415 652 1496 aitsata
665 1434 738 1472 cum
753 1425 897 1493 respectu
912 1411 951 1470 ad
965 1410 1137 1470 oraculum
1151 1411 1290 1470 auditum

238 1497 367 1574 Latino,
379 1502 494 1582 Nepete
507 1501 675 1575 connubiis,
688 1515 745 1562 etc.
758 1503 893 1560 Demum
908 1499 999 1560 addit
1010 1521 1147 1582 perverso
1160 1502 1289 1568 numine,
1314 1519 1315 1570 ξ

238 1587 326 1664 quasi
348 1589 429 1649 irato
451 1602 482 1650 et
504 1604 696 1673 repugnante
719 1592 857 1650 numine.
875 1589 961 1650 Adeo
983 1591 1090 1650 cuncti
1110 1589 1146 1648 in
1172 1591 1289 1648 ruinam
1314 1577 1315 1610 ¹

239 1695 327 1734 suam
339 1681 529 1761 praecipites!

278 1765 346 1824 585.
367 1769 471 1827 Latini
490 1772 663 1831 constantia
682 1771 917 1852 comparatione
937 1768 1137 1829 illustratur:
1163 1769 1290 1827 circum·

239 1862 306 1909 taut
323 1853 411 1914 illum
425 1877 551 1932 omnes,
568 1874 598 1918 et
610 1861 767 1932 certatim3
788 1860 840 1919 ille
856 1872 961 1918 tamen
975 1879 1042 1918 non
1059 1857 1152 1917 aliter
1170 1857 1289 1927 resistit,

239 1958 393 2021 scrupos,
413 1948 530 2025 quaein
547 1947 650 2008 medio
667 1949 780 2028 pelago
799 1946 984 2008 firmissimis
1004 1948 1084 2024 saxis
1105 1945 1236 2018 innixa,
1256 1945 1289 2001 ir-

239 2029 397 2088 ruentium
411 2031 566 2093 undarum
582 2034 758 2116 fragorem,
778 2037 1020 2116 irrumpentium
1033 2034 1193 2094 fluctuum
1205 2033 1289 2092 latra-

239 2129 288 2186 tus
304 2123 495 2182 contemnit:
517 2125 621 2205 itaque
634 2145 722 2205 aquae
734 2123 850 2184 frustra
864 2125 898 2184 in
912 2123 1000 2183 illam
1013 2122 1160 2184 fremunt
1176 2119 1289 2201 ingenti

241 2204 323 2265 mole
337 2221 368 2268 et
380 2212 522 2272 vastitate
537 2224 647 2273 tutam.
669 2216 743 2274 Haec
761 2214 931 2274 sententia:
949 2211 1002 2272 sed
1021 2209 1095 2270 vide
1110 2222 1146 2268 ut
1164 2209 1291 2268 illustret

239 2293 448 2374 pulcherrima
462 2301 678 2384 epanaphora,
694 2315 786 2384 atque
797 2303 891 2362 etiam
905 2322 923 2360 a
938 2300 1054 2360 latratu
1067 2299 1244 2371 undarum,
1257 2295 1290 2355 ab
1315 2314 1316 2386 p

240 2386 378 2466 scopulis
389 2393 538 2472 spumeis,
552 2393 591 2452 ab
603 2393 672 2474 alga
686 2392 804 2452 refusa:
821 2390 979 2472 fragorem
990 2389 1069 2448 dicit
1078 2386 1118 2445 de
1130 2387 1290 2458 fluctibus,
1315 2387 1316 2392 ’

241 2477 293 2554 qui
308 2475 342 2535 in
353 2499 463 2560 rupem
475 2485 671 2565 impingunt,
684 2495 714 2542 et
725 2483 925 2562 franguntur.

281 2565 348 2642 591.
364 2567 425 2628 Ubi
443 2582 548 2632 tamen
567 2573 650 2632 videt
666 2573 793 2632 Latinus
805 2591 897 2632 caecas
914 2569 1044 2630 illorum
1058 2580 1200 2640 mentes,
1219 2584 1289 2624 caeca

240 2653 387 2730 consilia;
405 2659 460 2718 uhi
472 2661 555 2721 videt
571 2682 635 2722 rem
652 2663 717 2743 geri
730 2661 865 2720 Junonis
877 2659 1032 2720 saevientis
1044 2670 1143 2730 nutu3
1165 2675 1262 2736 quum
1277 2675 1290 2710 a

241 2743 366 2803 nemine
380 2746 413 2804 in
428 2759 514 2809 tanta
529 2771 632 2810 rerum
644 2751 764 2810 insania
774 2770 804 2809 se
815 2745 954 2808 exaudiri
967 2766 1058 2826 posse
1069 2744 1205 2816 videret,
1215 2744 1289 2802 Deos

240 2843 270 2889 et
286 2853 375 2894 auras
392 2836 474 2918 ipsas
492 2838 680 2900 testabatur:
702 2851 732 2898 et
749 2857 942 2920 quamquem
955 2835 1066 2896 firmus
1080 2837 1156 2908 sim,
1175 2833 1289 2913 inquit,

243 2933 276 2979 ut
289 2941 381 3002 rupes
392 2923 510 3006 pelagi,
525 2949 575 2988 me
586 2941 690 2987 tamen
703 2927 766 2986 fata
779 2925 950 3006 frangunt,
961 2922 1108 3005 procellae
1123 2922 1288 2982 invadunt:

240 3009 573 3098 ait,sranqimursatis,
589 3019 732 3076 insistens
743 3015 991 3102 comparationi3
1005 3011 1128 3072 dixerat
1137 3011 1288 3092 enimsra·

240 3123 340 3182 qurem
354 3101 392 3162 de
404 3105 505 3164 undis.

282 3189 348 3268 595.
370 3192 443 3252 Mox
462 3193 500 3252 ad
521 3194 632 3254 milites
653 3207 683 3254 et
701 3196 842 3262 Turnum
866 3211 1034 3252 conversus
1060 3186 1216 3250 omnibus
1234 3185 1288 3244 exi·

240 3281 317 3337 tium
334 3282 426 3340 canit.
449 3280 522 3341 lllos
537 3283 580 3340 ait
594 3301 701 3362 poenas
715 3281 847 3341 luituros
861 3279 1011 3359 sacrilego
1025 3277 1202 3357 sangnine,
1222 3274 1288 3354 quis

239 3367 358 3428 bellum
373 3385 527 3432 sumentes
543 3385 651 3432 contra
665 3373 802 3432 Deorum
822 3369 1043 3432 voluntantem
1058 3367 1203 3447 sacrilegi
1219 3383 1287 3445 quo-

276 3534 335 3587 586.
357 3538 386 3591 V
382 3537 437 3590 elus
448 3539 537 3614 pelopi
548 3559 630 3612 rupes.
649 3540 739 3607 Quum
784 3541 812 3590 P.
822 3539 855 3602 V,
866 3538 891 3590 3.
900 3565 935 3576 -
946 3537 982 3589 Ut
989 3535 1081 3608 pelopi
1089 3553 1174 3608 rupes.
1189 3531 1288 3603 Repeti·

240 3609 335 3664 Cicero
349 3617 508 3672 seditionem
525 3620 649 3672 fluctibus
665 3637 740 3671 com·
784 3621 822 3670 tio
841 3618 979 3688 elegantias
994 3629 1021 3668 et
1038 3617 1146 3666 veneris
1158 3614 1248 3684 plena.
1259 3638 1288 3648 -

240 3697 390 3761 paraverit,
398 3697 468 3750 bene
475 3700 601 3772 Virgilius
609 3717 683 3766 eum,
693 3700 739 3770 qui
784 3698 949 3750 latrantibus
959 3696 1044 3747 uvidis.
1056 3695 1119 3745 Non
1133 3696 1226 3745 minus
1236 3689 1289 3761 pul·

241 3772 340 3822 resistit
348 3775 481 3844 seditioni,
489 3799 584 3851 rupem
591 3779 738 3832 s·ocavit.S.
786 3779 851 3832 chra
863 3777 1006 3830 tralatione
1019 3775 1124 3827 dictum
1134 3787 1178 3826 est
1191 3773 1225 3825 de
1235 3789 1288 3824 cau·

242 3879 277 3888 '
285 3850 457 3921 C⁰¹¹¹Paratio
467 3859 528 3910 talis
539 3872 614 3910 estet
628 3859 686 3909 AEn.
696 3859 740 3922 IV,
785 3859 890 3921 sidicis;
903 3876 992 3911 causas
1001 3855 1122 3907 elatrare.

245 3929 278 3981 de
286 3931 374 3982 AEneae
382 3941 545 4002 constantia;
554 3941 646 3992 etAEn.
657 3940 695 4006 X,
707 3938 740 3990 de
823 3935 1054 4009 superuacanea
1066 3936 1116 3988 Hic
1126 3932 1233 4005 scopuli
1245 3949 1290 3982 no·

241 4011 363 4062 Mezentii
377 4013 551 4070 fortitudine:
570 4019 630 4071 vids
645 4019 740 4092 scalig.
787 4021 929 4074 minstivus
941 4016 1053 4090 pluralis
1064 4028 1112 4070 est.
1126 4016 1202 4070 Serv.
