2700 4586
349 303 658 371 tumuumos
682 308 773 374 uin.
798 312 824 373 1.
1063 318 1103 405 73

66 443 95 488 et
108 427 259 488 faemina:
278 423 391 485 uultum
406 425 543 502 dammm
563 431 636 509 quia
654 443 822 507 oratorem,
838 438 1015 515 'prasertim
1031 458 1104 498 vero

66 519 244 592 foeminam,
258 513 362 596 pudor
374 513 470 576 decet.

104 607 171 666 562.
185 607 223 664 ln
236 606 306 686 ipso
317 605 402 664 aditu
413 606 558 664 timorem
568 604 693 684 adimit,
706 624 736 670 et
748 614 933 695 tranquillos
942 635 1008 674 esse
1014 613 1104 695 jubet

66 696 97 754 in
111 695 189 769 illis,
203 693 315 756 Solvite
321 694 547 756 cordemetum:
567 695 701 777 figurata
712 714 759 760 est
771 700 903 778 locutio,
925 725 982 785 pro
994 704 1104 764 solvite

66 782 154 846 corda
170 795 271 856 metu3
291 796 390 842 metus
403 785 520 864 quippe
534 805 588 844 eur
598 785 694 868 ligat:
715 790 748 847 in
763 787 841 866 illis,
860 790 994 852 secludite
1004 813 1102 866 curas,

65 891 126 928 uon
136 891 276 950 agnosco
285 876 552 948 rossotofiamnam
560 895 595 932 ex
602 875 714 936 timore
723 897 798 937 cura
806 881 953 956 nascitur,
963 892 993 940 et
1002 881 1105 939 anxie-

67 969 121 1028 tas,
137 971 169 1016 et
181 955 263 1016 hanc
279 977 405 1038 quoque
419 958 538 1018 adimit.

103 1045 170 1104 563.
183 1044 340 1104 satisfacit
350 1044 427 1120 illis,
442 1047 528 1129 Quod
533 1069 624 1128 penus
634 1047 689 1110 lroo
699 1050 861 1128 hominum,
872 1069 927 1116 etc.
939 1055 1103 1115 conferens

64 1133 96 1190 in
110 1133 196 1211 regni
211 1134 402 1208 novitatem,
416 1148 446 1197 et
457 1134 563 1195 fratris
576 1137 721 1214 insidias,
735 1161 810 1220 quas
822 1143 965 1217 timebat,
983 1161 1103 1202 morem

5 1221 6 1226 ’
63 1220 152 1279 illum
171 1221 390 1297 barbarorum,
401 1237 502 1303 ¹quam
520 1224 639 1284 orando
656 1226 811 1307 objecerat
830 1229 976 1290 Ilioneus.
995 1229 1104 1309 ltaque

63 1321 109 1368 est
120 1312 275 1371 excusatio
289 1309 364 1386 facti
377 1332 394 1369 a
406 1314 588 1372 necessitate
600 1337 606 1372 :
620 1317 653 1374 in
666 1315 729 1374 illis
742 1319 841 1393 enim,
854 1341 896 1379 res
909 1318 996 1392 dura,
1012 1316 1104 1377 intel·

62 1397 116 1479 ligi
131 1399 236 1460 fratris
252 1398 383 1459 insidias
397 1398 465 1458 vult
479 1401 615 1475 Servius,
636 1417 667 1462 et
680 1405 742 1464 late
757 1406 928 1467 admodum
945 1411 1103 1468 Donatus:

63 1488 139 1547 boue
152 1502 259 1549 autem
274 1485 387 1561 moliri,
403 1489 588 1570 nonfacere,
604 1504 640 1548 ut
652 1497 779 1552 terroris
793 1497 847 1569 sit,
861 1517 926 1555 non
937 1493 1103 1555 crudelita-

64 1575 119 1632 tis:
132 1576 165 1633 in
179 1575 256 1650 illis,
268 1589 295 1634 ct
308 1572 364 1634 late
366 1573 446 1655 fines
457 1575 571 1636 ctutode
583 1580 669 1650 tueri,
682 1583 822 1658 agnoscis
834 1583 933 1661 regias
944 1601 1043 1641 curas.
1055 1583 1102 1638 An

64 1675 105 1720 est
116 1661 253 1744 aliquid,
267 1660 353 1742 quod
365 1683 429 1721 non
442 1663 616 1722 eminenter
627 1668 785 1726 contineat
797 1667 848 1728 hic
861 1669 965 1728 rates?

99 1751 165 1812 565.
185 1753 210 1810 Α
225 1751 413 1833 purgatione
428 1749 624 1828 objectorum
637 1759 775 1837 erumpit
787 1759 820 1816 in
831 1757 940 1818 laudes
952 1757 1103 1840 Trojano-

63 1859 142 1914 rum,
156 1853 188 1898 et
198 1837 342 1919 Trojanae
355 1835 455 1913 urbis,
470 1838 566 1898 veluti
580 1845 708 1921 quaesita
724 1847 922 1926 oppositione
936 1846 1101 1921 cumillis,

64 1930 145 1988 Troes
159 1941 186 1988 te
200 1929 315 1988 miseri:
330 1928 419 2009 quasi
429 1925 527 2001 dicat,
539 1929 564 1986 si
581 1931 685 1990 miseri
698 1932 800 2008 clade,
813 1955 906 2015 quam
923 1935 1101 2015 accepistis;

60 2031 89 2074 at
101 2019 167 2076 noti
190 2028 258 2076 toto
273 2017 349 2076 orbe
366 2016 482 2076 virtute
500 2031 611 2078 vestra.
632 2019 683 2078 Ait
700 2023 863 2082 AEneadum
879 2025 1014 2103 signate,
1035 2043 1101 2082 non

5 2111 6 2116 ’
59 2104 281 2183 Trojanorum,
293 2123 359 2164 non
371 2100 458 2160 aliud
471 2103 649 2184 quidpiam,
663 2127 726 2186 quo
741 2127 772 2166 se
785 2111 884 2188 magis
897 2111 1034 2168 insinuet
1045 2129 1102 2190 per

5 2253 6 2262 ,
59 2188 309 2252 benevolentiam
330 2194 363 2250 in
383 2192 524 2250 animum
542 2191 672 2267 Ilionei,
691 2196 744 2274 qui
761 2209 824 2254 tam
838 2195 973 2256 libenter
985 2200 1099 2276 Regem

59 2283 311 2355 suum-tEneam,
330 2277 475 2360 illiusque
494 2278 601 2340 laudes
621 2299 833 2362 usurpaverat.
851 2283 950 2344 Multa
972 2283 1033 2344 alia
1052 2305 1101 2344 ex·

58 2369 149 2450 pendi
162 2369 216 2430 hic
229 2382 394 2452 poterant:
408 2367 487 2428 illud
497 2372 667 2452 virtutesque
677 2373 821 2453 virosque,
834 2386 936 2454 potest
946 2377 1045 2433 assota
1057 2373 1102 2432 διὰ

58 2460 142 2534 δυοῖν,
156 2479 231 2540 pro,
243 2460 372 2518 virtutes
383 2458 534 2516 virorum.

94 2547 160 2630 567.
173 2549 220 2606 Ex
233 2545 287 2606 illa
302 2567 405 2606 rerum
418 2545 574 2622 claritate,
587 2568 657 2629 quae
669 2569 725 2630 per
736 2551 846 2610 orbem
858 2571 964 2632 sparsa
978 2549 1097 2631 deges-

58 2637 94 2693 tis
106 2635 332 2715 Troianorum,
351 2633 432 2694 redit
450 2633 487 2692 ad
506 2638 726 2716 suosllegina,
748 2659 864 2720 eosque
882 2637 1097 2710 commendat,

56 2723 194 2784 adimens
204 2723 244 2790 ab
255 2725 369 2784 animis
380 2720 589 2803 Trojanorum
597 2727 795 2805 opinionem,
807 2725 1096 2806 quamvidebantur

58 2811 170 2873 habere
184 2813 222 2874 de
236 2814 360 2874 feritate
374 2815 553 2872 Poenorum.
566 2815 650 2872 Dicit
662 2815 786 2895 itaque:
806 2835 871 2874 non
883 2835 918 2872 ea
933 2834 1039 2873 sumus
1050 2813 1096 2871 fe·

57 2904 160 2976 ritate,
172 2917 305 2962 nectam
317 2902 430 2962 obtuso
443 2916 476 2964 et
486 2923 586 2962 crasso
597 2904 740 2982 ingenio,
754 2915 790 2962 ut
800 2905 974 2962 nesciemus
987 2921 1098 2982 expen-

58 2991 126 3050 dere
141 2993 288 3052 virtutem
301 3005 450 3065 vestram,
471 2992 608 3050 misereri
625 2990 814 3050 calamitates
829 2997 921 3072 atque
935 2989 1096 3064 incendia,

58 3100 122 3159 quse
138 3081 223 3162 passi
240 3081 333 3140 estis:
353 3101 418 3140 non
436 3101 542 3139 sumus
557 3082 590 3138 in
605 3085 740 3140 'extremo
758 3082 834 3141 orbe
848 3083 912 3156 siti,
934 3101 1033 3161 neque
1052 3082 1096 3138 ita

57 3167 144 3249 longe
156 3169 310 3229 distamus
323 3169 362 3228 ab
374 3189 410 3228 ea
423 3183 527 3250 parte,
540 3190 601 3250 qua
615 3170 666 3230 Sol
679 3173 793 3246 oritur,
805 3185 841 3230 ut
852 3174 949 3232 simus
962 3169 1095 3243 feroces,

55 3259 221 3333 immanes,
237 3257 374 3339 stupidi:
387 3273 418 3317 et
430 3259 560 3318 observa
574 3280 703 3320 acumen
715 3275 816 3341 poetae
828 3262 880 3318 :in
893 3255 1095 3320 nominandis

55 3343 129 3404 Afris
142 3348 311 3426 usurpavit
322 3349 449 3421 Poenos,
469 3359 499 3406 et
510 3348 636 3427 Tyrios,
650 3347 792 3411 indicans
808 3346 926 3405 scilicet
938 3345 1092 3424 originem

54 3452 148 3494 suam.
163 3433 328 3495 Phoenices
349 3437 432 3494 enim
447 3449 477 3494 et
494 3437 581 3517 Tyrii
601 3437 640 3496 ad
659 3439 816 3496 orientem·
827 3447 901 3494 sunt
918 3433 1035 3512 Solem,
1055 3447 1093 3494 ut

51 3521 233 3599 jamverum
250 3524 307 3600 sit,
318 3523 420 3588 Solem
433 3545 498 3584 uon
512 3523 606 3605 longe
617 3522 657 3583 ab
673 3525 735 3584 illis
749 3525 835 3582 oriri.

53 3689 110 3742 dum
133 3712 228 3766 regum
250 3711 307 3745 esse
330 3694 547 3767 breviloquium,
594 3695 783 3760 diam,rerum
791 3696 870 3746 etiam
879 3707 989 3766 propter
1001 3693 1091 3764 objec-

53 3771 151 3823 accedit
177 3775 258 3826 etiam
281 3775 451 3826 foeminarum
474 3793 549 3828 rere-
594 3787 636 3826 ta:
649 3775 1091 3847 eteomagiserubescebat,quod

53 3850 162 3920 cundia,
174 3853 248 3906 unde
260 3865 403 3924 utrumque
415 3854 490 3906 dedit
500 3854 548 3906 Di·
592 3873 642 3908 uec
651 3855 768 3908 barbara
777 3857 836 3914 luit.
844 3856 1089 3910 Artificioseautem

53 3927 119 3981 doni.
144 3932 216 3984 Seru.
239 3961 273 3970 -
295 3931 409 3986 Vultum
432 3932 547 3986 demissa.
592 3953 647 3986 non
663 3947 761 4006 negat,
779 3953 836 4005 quae
852 3937 994 3992 manifesta
1009 3947 1090 4000 sunt,

52 4009 107 4062 lion
115 4011 203 4064 solnm
213 4023 326 4083 propter
336 4011 407 4066 hanc
419 4031 558 4066 rarecort„
593 4011 640 4066 sed
649 4025 754 4084 purgat.
767 4014 862 4068 Donat.
