2700 4586
346 287 396 350 IN
421 281 770 350 AENEIDOS'LIB.
796 289 845 351 ll.
1056 296 1114 362 135

64 424 169 470 tracta
182 421 231 471 est
244 409 432 484 Cassandra,
447 431 510 491 quo
522 408 630 469 labore
644 399 723 470 alius
739 408 915 487 defecisset,
930 433 962 474 se
973 433 1063 498 parat
1075 419 1129 478 ad·

66 520 187 560 novam
196 499 412 560 defensionem
420 499 526 579 regiae3
538 517 574 558 ac
581 511 668 558 tanto
677 499 778 576 abest,
789 499 971 578 utdeficlat,
980 519 1014 563 ut
1022 507 1116 565 etiarn
1124 559 1129 570 .,

67 607 170 648 novas
184 589 268 647 vires
280 588 396 668 capiat,
410 579 530 667 semper
544 585 666 660 alacris,
679 605 800 668 semper
810 601 947 668 paratus.
1196 577 1201 586 ⁶

108 675 180 752 453.
194 675 352 757 Explicat,
365 674 449 734 unde
458 673 601 735 babuerit
613 673 734 734 aditum
746 675 784 734 ad
796 677 928 756 regiam,
942 699 1039 758 quum
1050 677 1130 739 haec.

69 762 212 840 obsessa,
225 785 389 825 occurrens
399 769 574 846 προληπτικῶς
584 763 731 846 objecto:
746 784 801 845 per
812 760 987 850 coec'msores
1000 769 1116 830 intelli-

69 855 116 932 git
126 853 380 936 pseudothyrum
392 876 399 912 :
413 865 505 934 postes
518 851 644 927 relictos,
659 853 802 914 relictum
811 857 945 935 spatium
958 858 1114 935 relictum,

69 961 170 1020 quum
185 940 298 1002 domus
313 940 534 1016 aedificaretur,
555 942 611 1000 ubi
630 943 745 1000 ostium
764 941 869 1002 fieret:
889 964 945 1024 per
957 949 1040 1006 usum
1053 969 1115 1028 per·

68 1030 151 1086 oium
163 1031 288 1103 interae,
302 1029 382 1090 aedes
392 1030 509 1089 Priami
519 1042 550 1088 ct
559 1030 700 1089 Hectoris
711 1049 774 1088 non
785 1029 947 1104 discretas,
962 1053 1024 1110 qua
1033 1033 1116 1094 facta

69 1116 338 1193 consideratione,
351 1130 430 1178 tecta
439 1119 518 1178 bene
528 1118 675 1176 dicuntur
685 1137 747 1176 esse
757 1119 877 1198 pervia,
887 1139 952 1178 non
965 1121 1007 1178 ite
1019 1118 1115 1197 bene,

67 1206 95 1262 si
109 1205 240 1267 diversae
252 1210 315 1268 sint
327 1207 414 1268 aedes.
432 1207 577 1288 Explicat
590 1219 803 1288 posteaquam
820 1205 859 1265 ad
873 1227 938 1265 rem
953 1207 1046 1268 fuerit
1060 1213 1115 1270 iste

70 1313 146 1352 usus
158 1291 301 1376 perviu's,
315 1311 352 1356 ut
365 1295 509 1354 videlicet
522 1315 578 1376 per
590 1315 640 1354 eas
650 1294 735 1354 fores
749 1295 843 1354 ferret
855 1315 888 1353 se
899 1294 1115 1356 Andromache

70 1399 261 1462 cumfparvo
282 1382 364 1458 filio,
384 1403 476 1464 quem
495 1403 592 1442 manu
609 1379 763 1458 trahebat,
782 1381 820 1442 ad
838 1401 976 1456 soceros,
995 1398 1031 1443 ut
1052 1383 1115 1443 illis

70 1483 219 1550 nepotem
234 1472 477 1534 exosculandum
489 1471 590 1548 daret,
608 1493 668 1554 qua
684 1494 748 1532 una
769 1493 815 1548 re,
834 1471 982 1554 perfundi
996 1473 1126 1553 ingenti·

69 1557 182 1620 latitia
198 1564 247 1621 avi
260 1563 371 1623 solent.

109 1646 179 1722 458.
192 1652 274 1730 Ergo
286 1671 342 1734 per
352 1649 601 1734 pseudothyrum
614 1653 697 1710 viam
707 1652 827 1711 invenit
836 1652 960 1728 AEneas,
975 1665 1116 1732 etlascen.

69 1734 115 1794 dit
129 1737 170 1796 ad
181 1738 346 1824 'fastigium
359 1743 461 1820 regiae.
480 1743 570 1800 Dicta
584 1743 691 1800 omnia
703 1761 774 1801 curn
789 1739 946 1822 emphasi3
969 1759 1040 1800 nam
1058 1744 1114 1800 mi-

68 1827 137 1898 seri,
158 1840 189 1886 et
205 1831 298 1902 irrita,
319 1843 348 1890 et
356 1825 657 1914 jactabantrquibus
672 1834 835 1890 ostentatio
851 1829 993 1910 quaedam
1010 1828 1114 1890 defen-

69 1913 183 1989 sionis,
195 1937 259 1976 non
275 1937 347 1976 vera
359 1915 500 1978 defensio
513 1917 684 1994 indicatur,
698 1939 782 1978 mera
795 1919 904 1997 utique
913 1915 1073 1996 jactantia.

107 1998 178 2074 460.
197 2005 235 2063 ln
252 2005 393 2066 versibus
408 2007 462 2086 qui
480 2019 669 2088 sequuntur,
690 2006 782 2066 docet
800 2024 849 2062 me
870 2003 1037 2083 Virgilius,
1059 2007 1114 2084 qui

70 2087 204 2151 debeam
218 2093 332 2156 similes
347 2097 539 2156 narrationes
559 2115 707 2158 exornare
724 2093 978 2165 circumstantiis,
998 2091 1115 2152 affecti-

68 2180 143 2254 bus,
159 2181 304 2270 aliisque,
316 2205 357 2244 nc
367 2177 429 2244 illae
439 2183 581 2266 insipida
590 2186 653 2244 sint
662 2197 693 2242 et
701 2181 874 2241 inefficaces
882 2192 893 2254 3'
901 2179 954 2239 sed
965 2179 1114 2260 vigentes,

70 2290 167 2345 acres,
186 2273 309 2334 vividae.
328 2273 556 2354 Placetvitaque
573 2272 666 2331 latius
683 2289 777 2350 quam
794 2267 893 2343 soleo,
915 2287 1021 2328 versus
1038 2268 1114 2327 istos

70 2356 254 2437 expendere.
277 2361 360 2441 Ergo
378 2359 462 2419 banc
482 2361 575 2419 turris
591 2356 828 2418 convulsionem
846 2355 994 2436 praecedit
1012 2355 1116 2431 locus,

68 2443 124 2502 ubi
136 2447 211 2519 sitas
224 2444 325 2506 stabat
334 2451 418 2508 enirn
430 2450 463 2506 in
476 2448 648 2530 praecipiti:
665 2444 813 2520 altitud03
826 2465 899 2504 nam
911 2443 1022 2502 educta
1032 2464 1115 2504 sum-

69 2536 129 2593 mis
147 2538 233 2595 tectis
249 2557 346 2617 usque
363 2536 403 2596 ad
420 2551 522 2610 astra,
533 2539 717 2616 sanson-rsa:
738 2555 825 2608 usus;
847 2551 921 2592 nam
936 2533 1009 2592 inde
1020 2533 1115 2612 Troja

69 2625 172 2682 omnis
187 2622 308 2684 solebat
319 2625 474 2706 conspici,
491 2625 673 2684 Graecorum
685 2643 795 2696 naves,
811 2637 842 2680 et
856 2635 965 2680 costra.
981 2622 1048 2679 Hoc
1062 2619 1116 2679 ba·

68 2706 153 2782 bito,
165 2711 310 2790 signatur
324 2715 582 2786 instrumentum,
597 2731 660 2790 qno
675 2710 837 2780 convulsa,
851 2705 998 2764 videlicet
1011 2705 1112 2764 ferro:

68 2795 184 2858 deinde
196 2819 268 2879 pars
280 2799 349 2876 illa,
368 2821 430 2881 qua
441 2801 488 2858 vis
502 2800 599 2871 facta,
621 2798 753 2870 scilicet,
773 2793 911 2854 tabulata
927 2813 1049 2852 summa
1063 2794 1115 2852 da·
1147 2818 1149 2823 ·

67 2886 146 2945 bant
158 2887 324 2966 juncturas
339 2889 494 2960 labantes,
514 2886 626 2959 idest,
647 2885 752 2945 faciles
766 2877 832 2963 jam
851 2881 890 2940 ad
909 2875 1121 2958 solutionem,

68 2977 112 3035 sic
124 2978 211 3036 enim
222 2977 346 3037 facilius
358 2977 538 3058 negotium:
555 2975 682 3035 demum
699 2969 887 3034 convellitur
901 2970 1039 3043 sedibus3
1055 2971 1114 3030 im·

69 3064 199 3143 pellitur
219 3066 253 3124 in
272 3063 392 3141 hostes,
413 3063 477 3124 edit
493 3065 647 3137 sonitum;
671 3061 766 3123 trahit
786 3061 925 3133 ruinam3
947 3057 1059 3118 incidit
1079 3059 1113 3117 in

104 3205 165 3273 454.
183 3207 320 3258 Paetorum
337 3210 405 3260 inter
416 3229 441 3262 se
459 3209 567 3260 Priami.
615 3222 670 3259 tum
684 3209 787 3272 fuerat,
800 3205 975 3276 Astyanacta,
988 3203 1010 3252 si
1022 3219 1114 3270 super·
1151 3215 1152 3221 ¹

69 3284 202 3354 l‘erquod
209 3287 260 3337 iter
268 3285 303 3338 ad
312 3299 453 3358 utramque
461 3287 570 3339 domurn
614 3289 738 3351 vixisset,
750 3284 864 3336 ultorem
877 3281 969 3352 patriae
979 3290 1006 3330 et
1016 3297 1114 3349 paren-

70 3366 167 3420 Priami
176 3367 392 3431 commeabatur;
403 3381 432 3420 ut
442 3379 571 3448 appareat
613 3379 672 3418 tum
683 3367 811 3416 futurum.

71 3445 137 3496 duas
145 3445 241 3498 domos
248 3448 340 3513 fuisse,
352 3448 462 3500 alteram
472 3452 571 3520 regiam
651 3445 710 3512 462.
730 3441 818 3494 Sotira
836 3456 921 3490 naves.
941 3438 1114 3510 Partieipium

70 3525 183 3590 Priami,
209 3527 320 3578 alteram
342 3529 481 3594 Hectoris,
501 3530 571 3580 inter
616 3525 724 3576 estsine
737 3519 812 3573 verbi
824 3520 944 3590 origine:
962 3517 1029 3570 soleo
1043 3521 1114 3570 enim

71 3622 137 3673 quas
148 3605 189 3656 illi
202 3604 299 3656 aditus.
309 3606 391 3658 Serv..
615 3600 736 3656 neutrale
750 3611 805 3651 cst:
823 3595 895 3672 quod
910 3610 983 3648 caret
994 3599 1114 3674 praeteri·

105 3681 166 3749 455.
180 3683 290 3754 Infelix.
308 3684 369 3737 Non
389 3703 471 3755 quum
487 3703 570 3756 regna
615 3697 651 3733 to.
663 3681 731 3734 Sero.
837 3673 839 3678 ’

70 3763 232 3828 manebant,
248 3763 295 3815 sed
307 3763 341 3815 ad
353 3781 469 3834 praesens
481 3763 572 3815 retulit
651 3757 713 3828 465.
725 3755 929 3830 Inpulimmqae'.
941 3755 1057 3822 Quidam
1066 3775 1115 3808 no-

72 3853 192 3912 tempns,
205 3861 260 3912 qno
272 3845 368 3894 marito
378 3840 501 3906 viduata,
511 3859 573 3894 mox
616 3853 689 3906 tant,
700 3837 774 3909 quod
783 3855 837 3889 non
848 3839 882 3888 sit
891 3853 1057 3906 expressum,
1068 3837 1115 3888 ubi

73 3923 99 3972 in
109 3923 266 3975 servitutem
276 3934 490 3986 venturanatum
501 3921 574 3994 luge·
618 3930 717 3973 stantes
736 3935 867 3969 summum
884 3927 984 3968 tectum
1000 3914 1115 3985 impule-

73 4001 111 4055 bit
123 4004 310 4070 interfectum,
320 4006 384 4075 quia
393 3997 574 4073 latispraedie-
618 4004 679 4055 rint.
692 4001 760 4054 Serv.
773 4029 805 4042 -
820 4000 869 4052 llic
886 3999 1012 4068 junctura
1027 3995 1125 4048 litera.
