2670 4596
172 417 173 420 Ν
205 324 249 404 ’34
536 275 916 382 constancium

207 444 377 515 accessisse,
390 449 420 499 et
433 437 505 498 inde
515 437 614 500 salvos
627 437 768 512 rediisse,
781 455 941 518 magnum.
951 438 1057 515 Quum
1069 442 1114 502 ait
1123 443 1250 521 rabiem,

207 531 320 592 alludit
333 531 372 590 ad
385 529 523 590 fabulam
538 526 661 613 Scyllae,
675 547 744 608 quae
755 547 840 588 versa
856 527 890 586 in
905 547 1016 587 canes:
1032 549 1101 610 quae
1113 553 1247 614 sequun-

205 633 272 695 tur,
291 621 459 700 penitusque
473 629 606 676 sonantes
623 616 749 676 Accestis
765 611 911 696 scopulos,
930 617 1079 696 capienda
1095 635 1168 680 sunt
1183 617 1249 680 non

159 725 163 734 '
206 709 245 768 de
260 706 434 788 Charybdi,
446 706 648 786 quantumvis
661 704 718 762 tihi
729 702 887 777 videatur,
899 701 951 762 sed
964 704 1003 765 de
1013 707 1119 766 eadem
1130 709 1228 792 Scylla
1241 732 1249 767 :

207 797 397 868 accessistis,
421 795 537 874 inquit,
561 792 601 852 ad
622 791 769 872 Scyllam
792 804 822 850 et
841 811 912 851 mox
933 791 1103 874 explicans,
1123 793 1252 876 quassit

207 883 320 964 Scylla,
336 881 437 956 addit,
455 878 587 961 scopulos
600 885 747 952 sonantes,
767 876 887 960 hosque
899 883 1026 960 penitus,
1046 881 1186 942 indicans
1200 903 1251 942 so·

207 993 281 1032 nare
293 991 364 1030 saxa
378 972 411 1029 in
423 967 532 1051 Scyllae
547 982 636 1048 parte
649 969 761 1026 intima
772 988 807 1026 ac
821 967 993 1028 recondita.

245 1081 314 1120 201.
327 1061 381 1118 Est
393 1057 454 1118 hoc
467 1056 599 1118 alterum
614 1055 808 1138 periculum:
822 1059 960 1138 experti,
968 1059 1085 1138 inquit,
1100 1061 1173 1118 estis
1189 1061 1251 1144 Cy-

205 1149 331 1230 clopum
353 1167 444 1206 saxa:
467 1166 566 1228 quum
584 1158 689 1206 autem
708 1143 767 1204 hac
787 1146 930 1204 oratione
950 1145 1116 1205 confirmet
1133 1148 1252 1208 milites

205 1235 398 1316 tempestatis
413 1233 531 1294 malum
546 1246 702 1315 expertos,
717 1233 837 1312 egregie
852 1233 994 1313 exempla
1010 1233 1141 1294 advocat
1155 1255 1251 1316 quam

205 1323 380 1398 simillima3
393 1344 459 1382 non
470 1321 678 1403 Trojanorum
691 1321 885 1396 incendium,
898 1323 982 1382 unde
994 1340 1166 1400 evaserant3
1182 1345 1251 1386 non

207 1417 385 1476 Graecorum
404 1413 570 1491 impetum,
592 1430 686 1491 quem
700 1411 889 1483 vitaveran13
909 1409 963 1468 sed
980 1411 1119 1490 pericula
1137 1415 1250 1489 maris,

206 1524 275 1586 quas
284 1501 350 1582 jam
363 1512 594 1582 superaverant
608 1502 722 1559 Errant
739 1496 953 1576 vehementer,
975 1501 1029 1580 qui
1049 1499 1119 1577 illa,
1138 1523 1155 1562 ο
1172 1507 1251 1584 passi

205 1593 352 1674 proniora,
366 1589 506 1650 referunt
520 1588 559 1647 ad
570 1588 671 1668 Trojoe
686 1589 893 1664 eversionem,
906 1603 937 1648 et
948 1589 1130 1651 Graecorum
1142 1594 1252 1652 incen-

206 1683 304 1741 dium.

246 1791 313 1830 aon.
325 1769 379 1827 Est
393 1767 460 1828 haec
473 1763 634 1826 conclusio
649 1766 815 1845 superioris
829 1767 1014 1846 argumenti.
1029 1762 1153 1826 Dicitur
1166 1770 1255 1830 timor

205 1871 334 1930 moestus,
346 1869 382 1916 ut
393 1877 469 1914 mors
478 1850 605 1934 pallido,
620 1865 747 1912 senectm
761 1855 859 1925 tristis,
872 1852 911 1911 ab
925 1851 1061 1926 effectis3
1075 1855 1150 1934 quia
1162 1873 1255 1916 nroes-

205 1960 254 2005 tos
263 1958 301 2004 -et
314 1943 463 2004 sollicitos
477 1941 560 2000 facit.
575 1937 656 1998 Illud
668 1941 797 1999 timorem
813 1943 928 2015 mittite,
943 1939 1076 2014 dictum,
1088 1959 1146 2022 pro
1159 1947 1254 2004 omit·

206 2035 279 2093 tite:
296 2034 339 2092 ita
351 2035 473 2092 Terent.
488 2025 621 2108 Adelph.
636 2029 734 2102 Ηενα,
750 2025 893 2110 lacrymas
906 2030 994 2089 mitte.
1005 2028 1173 2090 Concludit
1184 2052 1252 2092 rem

206 2121 265 2183 hac
280 2121 447 2193 sententia,
453 2118 563 2200 forsan
572 2113 673 2177 ethoec
685 2115 757 2176 olim
767 2119 928 2177 meminisse
929 2113 1060 2200 juvabit,
1073 2139 1142 2200 quse
1151 2134 1255 2201 potest

205 2209 320 2271 habere
332 2211 432 2267 vicem
448 2205 709 2287 epiphonematis.

246 2297 313 2372 aod.
329 2299 404 2356 Pars
419 2295 516 2354 altera
530 2293 780 2355 confirmationis
792 2316 809 2354 a
820 2295 936 2355 futuris
945 2296 1045 2356 honis.
1060 2298 1118 2356 llic
1130 2298 1254 2378 primus

206 2405 320 2458 versus,
335 2398 366 2442 et
379 2403 448 2462 quae
460 2384 541 2442 dicta
554 2397 626 2442 sunt
638 2404 741 2464 supra,
754 2399 963 2464 opponuntur
974 2384 1178 2464 sequentibus
1188 2406 1194 2441 :
1205 2399 1256 2460 ut,

207 2485 377 2553 postquam
392 2470 527 2528 audieris
540 2468 648 2550 Scylla
659 2469 784 2544 rabiem,
803 2484 937 2530 torrentes
949 2469 1094 2550 scopulos,
1110 2490 1186 2550 saxa·
1196 2473 1256 2550 Cy·

206 2558 339 2640 elopem,
363 2561 457 2618 uarios
477 2579 576 2634 cesus,
598 2579 694 2619 rerum
717 2559 899 2632 discrimina,
921 2557 1028 2637 audias
1050 2557 1163 2616 deinde
1183 2579 1258 2639 quse

209 2659 284 2706 sunt
290 2644 532 2726 jucundissima,
542 2645 689 2706 videlicet
698 2648 826 2720 Latium,
836 2645 913 2705 sedes
921 2648 1041 2727 quietas,
1055 2647 1142 2704 Troia
1152 2665 1255 2726 reqna,

209 2755 280 2816 quae
294 2745 422 2813 surgent
434 2735 467 2791 in
479 2735 579 2794 Latio.
598 2735 721 2818 Aitfotu
735 2733 889 2796 ostendunt
898 2733 974 2792 sedes
987 2735 1111 2814 quietos,
1124 2731 1258 2793 firmans

208 2842 274 2881 non
292 2820 414 2899 vulgari
436 2817 514 2894 fide,
532 2841 634 2902 neque
652 2822 808 2896 humana,
827 2822 880 2882 sed
899 2820 1020 2894 divina3
1041 2835 1070 2880 et
1088 2820 1258 2898 ostetrdunt,
1315 2853 1316 2864 κ

209 2909 328 2988 inquit,
347 2908 433 2986 quasi
448 2909 482 2965 in
498 2912 642 2986 proximo
658 2912 698 2970 sit
713 2911 842 2990 req'uies.
859 2912 930 2968 Jam
945 2909 1015 2982 illa,
1031 2907 1151 2990 illicfas
1166 2931 1258 2991 reqnu

210 3015 353 3077 resunqere
367 2990 474 3076 Trcp‘ae,
487 3015 582 3074 quam
595 2997 699 3058 vivida
709 2998 750 3057 ad
760 2997 942 3057 excitandos
955 2997 1089 3055 animos!
1105 2997 1158 3056 Est
1170 2999 1258 3058 enim

210 3087 377 3166 magnum,
400 3097 546 3144 venturos
567 3085 640 3144 illos
661 3088 695 3145 in
716 3107 863 3166 regnum,
886 3101 917 3146 et
937 3083 1051 3164 Trojae,
1074 3086 1158 3166 quod
1180 3109 1258 3149 sane

211 3195 344 3258 regnum
358 3171 486 3232 illorum
499 3193 593 3234 causa
607 3175 806 3234 excitandum
818 3189 898 3251 erat,
918 3188 954 3234 ut
968 3173 1016 3232 illi
1027 3174 1153 3234 tandem
1168 3181 1259 3258 quie-

213 3276 276 3324 tem
287 3263 448 3323 haberent.
1058 3335 1063 3340 ι

255 3361 322 3434 207.
335 3353 389 3411 Est
400 3349 456 3418 hic
470 3349 610 3432 epilogus
625 3353 775 3412 orationis
790 3351 1016 3413 exhortatorius
1029 3373 1101 3412 cum
1114 3353 1260 3414 recorda-

214 3441 299 3500 tione
318 3438 477 3502 felicitatis
497 3437 630 3502 futurae:
653 3442 747 3502 inane
768 3441 887 3525 quippe
907 3453 996 3516 esset,
1017 3439 1043 3500 si
1062 3457 1262 3520 compararet

251 3621 311 3682 aod.
322 3621 374 3672 Per
383 3623 466 3675 varios
476 3643 555 3678 casus.
565 3625 711 3698 Argumen-
792 3625 850 3680 205.
862 3626 937 3680 Sedes
950 3627 1001 3678 uti.
1014 3627 1079 3676 Non.
1088 3620 1166 3676 uacat
1181 3625 1258 3695 quod

214 3716 271 3754 tum
282 3721 331 3773 per
341 3706 584 3772 comparationem,
601 3719 628 3758 et
642 3707 711 3759 bene
756 3707 854 3778 adjecit
864 3708 975 3780 quietas,
991 3706 1085 3758 habuit
1095 3705 1164 3756 enim
1178 3704 1260 3757 sedes

214 3780 329 3833 dicendo
343 3798 436 3844 casus,
449 3796 475 3833 et
485 3775 639 3837 discrimina
648 3805 714 3858 pra·
756 3790 784 3839 in
793 3787 922 3854 Thracia,
934 3785 981 3838 sed
991 3795 1161 3856 portentosas
1171 3805 1176 3834 :
1188 3786 1257 3840 etin

215 3861 294 3913 terita
315 3871 453 3927 attenuat,
472 3879 560 3933 neque
583 3868 654 3916 enim
677 3867 715 3918 ait
758 3868 856 3933 Creta,
880 3867 928 3919 sed
948 3864 1121 3936 pestilentes3
1146 3877 1172 3915 et
1193 3863 1260 3916 ideo

215 3940 339 4014 periculo.
359 3940 431 3992 Serv.
442 3945 589 3997 -Rerum
611 3949 713 4018 Potest,
758 3967 811 4002 non
825 3951 935 4019 quietas.
947 3947 1063 3996 -Fatc
1079 3943 1195 4012 Quidam
1211 3944 1260 3997 hio

218 4022 290 4075 salvo
303 4038 395 4088 sensu,
408 4023 502 4074 omitti.
512 4024 581 4076 Seru.
757 4027 874 4092 Deorum
886 4043 1015 4098 responsa
1028 4026 1171 4095 accipiunt.
1185 4025 1258 4077 Seru.
