2646 4606
201 306 264 382 lai
529 296 910 368 COMMENTARIA

201 441 275 502 que,
286 441 304 480 o
314 421 433 493 Caieta,
443 419 547 478 nutrix
553 419 669 492 AEneae,
679 417 810 494 famam,
820 431 849 476 et
857 416 939 476 hanc
946 427 1100 476 aeternant
1108 413 1247 474 attulisti

200 506 346 572 litoribus
360 506 473 568 ltaliae:
487 528 558 568 nam
572 529 590 566 a
603 521 634 566 te
647 507 753 588 Caieta
767 521 876 588 portus
891 525 1007 566 nomen
1019 507 1160 586 accepit,
1173 505 1248 584 quia

201 611 235 656 tn
248 598 292 656 ibi
305 609 442 670 mortua,
460 611 490 657 et
503 596 588 656 fama
603 597 713 671 crevit,
732 617 830 676 quum
843 608 943 655 morte
956 597 1058 654 minui
1074 591 1249 653 debuisset.

241 685 268 742 3.
281 683 408 743 Dixerat
417 682 534 743 famam
544 683 630 768 illam
640 669 731 744 luisse
742 694 901 756 {eternam3
914 682 1044 765 probat3
1059 702 1138 740 nam
1149 677 1250 739 adhuc

203 767 294 831 hortos
307 785 371 832 tuus
384 774 593 848 seruatsedem,
613 772 645 832 id
658 787 723 848 est,
736 771 913 855 sepulcrum
930 773 964 831 in
980 770 1140 831 honorem
1158 784 1251 828 tuum
1305 827 1306 830 ,

201 861 247 919 ibi
259 873 410 921 structum
423 861 526 940 adhuc
538 864 650 924 retinet
664 860 807 922 eamdem
818 861 940 922 sedem:
956 874 987 920 et
1000 880 1120 920 nomen
1136 859 1251 938 Caieta.
1305 917 1306 932 ,

202 947 305 1010 adhuc
323 953 440 1033 signat,
464 939 715 1034 demonstratque
729 947 809 1012 inibi
828 971 890 1032 esso
907 965 961 1010 tun
981 970 1064 1024 ossa,
1089 967 1164 1030 quae
1177 964 1251 1010 sane
1305 941 1306 948 ἵ

203 1037 303 1119 gloria
316 1039 421 1124 aliqua
433 1035 485 1124 {est
499 1039 538 1102 ad
553 1041 699 1118 solatium
715 1056 822 1102 tunm:
845 1041 897 1102 sed
912 1039 973 1112 hoc
988 1060 1061 1102 cum
1074 1037 1250 1107 dubitatio.

205 1148 246 1186 ne
256 1150 263 1186 :
275 1149 348 1188 nam
362 1131 508 1206 videlicet
517 1130 671 1212 putabant
682 1144 798 1192 veteres
809 1127 889 1188 nihil
897 1125 1084 1194 funebrium
1092 1126 1250 1207 pertinere

208 1214 247 1273 ad
263 1228 415 1286 mortuos.

246 1306 274 1365 5.
292 1307 402 1366 AEneas
418 1321 523 1384 tamen
540 1330 609 1383 vere
626 1311 715 1392 pins,
735 1330 801 1369 non
818 1309 905 1391 prins
919 1306 1026 1380 solvit,
1049 1325 1146 1385 quam
1166 1300 1249 1383 justa

204 1397 318 1455 nutrici
329 1397 475 1473 solveret,
486 1411 634 1482 aggerata
639 1399 762 1478 tumulo
772 1421 778 1458 :
791 1419 853 1480 qno
864 1398 961 1472 facto,
972 1395 1066 1458 solvit
1076 1389 1250 1473 tranquillo

206 1486 300 1559 mari,
315 1485 435 1548 valisin
449 1489 546 1572 altum
559 1490 679 1574 ablatis.
693 1487 844 1568 Praeclare
855 1486 923 1562 hic,
938 1505 1071 1568 aequora,
1082 1503 1150 1542 non
1160 1480 1249 1550 freta,

207 1583 260 1628 ant
275 1573 377 1633 alind:
393 1595 467 1660 nam
480 1598 553 1637 cnm
569 1569 709 1670 respectu
723 1575 762 1656 ad
773 1579 926 1660 quierunt:
941 1591 1013 1635 sunt
1025 1575 1112 1633 enim
1126 1589 1250 1651 aequora

207 1664 348 1742 proprie,
366 1685 464 1745 quum
477 1683 614 1748 aequata,
633 1682 664 1728 et
676 1670 791 1750 quieta.
805 1668 870 1742 Ait,
887 1663 990 1725 Tendit
1002 1666 1055 1723 iter
1065 1659 1151 1735 velis,
1166 1659 1251 1741 qnia,
1306 1725 1307 1748 ¹

208 1759 242 1803 ut
254 1762 376 1810 extensa
390 1752 471 1828 vela,
484 1755 527 1813 ita
539 1770 682 1816 extensus
697 1775 822 1827 cursus,
834 1755 877 1812 ait
890 1753 1022 1830 Servius.

248 1835 275 1892 8.
295 1837 413 1898 Favent
433 1843 539 1900 omnia
559 1845 719 1922 naviganti
739 1843 856 1916 AEneaa,
876 1859 967 1912 aura,
985 1840 1092 1910 Luna,
1117 1846 1251 1917 pontus}

208 1939 283 1978 aura
293 1925 410 2003 quippe
421 1926 572 2007 adspirat3
587 1927 669 1988 hanc
680 1943 715 1988 nt
726 1931 888 2008 copiosam
900 1939 1000 2000 notet,
1014 1923 1133 2006 plurali
1145 1922 1252 1981 utitur.
1306 1937 1307 1954 ³

208 2007 298 2066 Luna
317 2007 418 2070 lucem
434 2012 551 2093 praebet
569 2016 608 2073 ad
626 2036 771 2076 cursum:
791 2029 905 2097 pontus
928 2011 1117 2094 splendescit
1136 2007 1254 2066 lumine

209 2111 336 2179 accepto
354 2120 372 2158 a
387 2102 485 2162 Luna.
498 2105 535 2186 ln
546 2117 673 2180 npctem,
687 2119 746 2179 est,
762 2107 844 2164 circa
859 2119 1004 2164 noctem:
1018 2101 1127 2161 lumen
1141 2098 1254 2158 dicitnr

211 2184 382 2246 tremulum
396 2189 435 2250 ab
449 2190 619 2252 fluctuante
634 2205 665 2253 et
678 2193 819 2272 inquieta
831 2192 925 2252 unda.

252 2295 297 2335 ιο.
313 2276 418 2352 Quum
427 2281 538 2344 AEneas
550 2281 643 2340 solvit
652 2281 758 2340 Caieta
768 2299 873 2340 versus
884 2277 1022 2350 ltaliam,
1034 2273 1150 2333 habuit
1161 2275 1195 2332 in
1208 2273 1252 2333 ria

209 2368 385 2446 proximam
400 2369 535 2436 insulam
549 2371 668 2446 Circes,
683 2391 778 2453 qnam
793 2389 859 2439 non
870 2387 963 2430 ausus
976 2363 1115 2447 ingredi,
1132 2377 1251 2447 tantum

209 2455 342 2514 strictim
353 2460 469 2538 attigit,
481 2474 512 2520 et
524 2462 597 2520 rasit
608 2461 732 2534 leviter,
744 2480 780 2520 ac
792 2458 876 2540 legit.
889 2458 935 2516 De
947 2476 982 2516 ea
995 2453 1067 2513 vide
1079 2455 1251 2512 Excursnm
1307 2461 1308 2464 ’

211 2543 365 2622 primum,
378 2544 440 2605 vol.
454 2547 512 2621 lll,
527 2570 597 2631 pag.
610 2549 678 2610 350.
883 2546 889 2564 ⁸

254 2652 298 2690 11.
312 2633 348 2690 ln
361 2632 419 2694 hac
429 2635 530 2696 insula
543 2637 672 2718 degebat
682 2639 783 2712 Circe,
793 2657 862 2719 quae
871 2633 948 2694 Solis
958 2632 1040 2706 filia,
1050 2628 1251 2690 etsatisdires

211 2720 360 2781 continuo
380 2737 472 2800 cantu
487 2727 520 2786 in
535 2725 612 2788 lucis
627 2728 846 2788 amoenissimis
861 2744 962 2795 aevnnr
976 2718 1172 2792 traducebat.
1194 2715 1249 2777 Ad-

211 2807 297 2868 hibet
310 2809 424 2888 deinde
435 2831 656 2895 argumentum
667 2817 847 2886 divitiarum
859 2811 939 2895 ejus5
952 2831 1026 2882 nam
1036 2823 1066 2881 et
1076 2823 1158 2883 tecta
1168 2819 1250 2888 erant

211 2898 360 2982 superba,
380 2917 410 2962 et
423 2905 455 2964 in
467 2903 515 2964 his
531 2909 632 2983 tectis,
650 2927 716 2972 non
735 2895 913 2988 vulgaribus
929 2901 1022 2982 lignis
1042 2899 1082 2959 ad
1101 2911 1250 2958 nocturna

248 3053 273 3118 l·
290 3055 413 3127 Hesperia
432 3059 459 3108 in
478 3078 581 3131 mapsa.
598 3061 709 3130 Propter
789 3076 814 3129 9.
834 3059 910 3110 Luna
930 3064 1015 3128 nepot.
1036 3053 1166 3123 Liptotes.
1187 3048 1249 3098 Nam

212 3134 345 3206 Hispania
364 3137 640 3190 discretionem-Si
657 3131 710 3222 puri
754 3138 832 3203 dicit,
846 3139 931 3207 Largo
940 3143 1065 3206 praestat:
1080 3143 1125 3194 nt,
1141 3127 1249 3178 «Mune-

212 3216 541 3288 esteaploria.Secundnm
549 3219 707 3289 Epicurebs=
754 3227 954 3287 rapecspernoz
967 3228 1023 3259 n·-
1033 3207 1157 3262 Pramnio
1166 3205 1249 3258 sublit·

212 3293 280 3346 bene
295 3307 384 3348 autem
398 3298 507 3349 interest
519 3297 621 3362 funeri,
633 3293 709 3369 post·
753 3298 831 3357 mnae.
844 3297 885 3346 lta
893 3295 965 3346 enim
977 3290 1113 3356 mobilitas
1127 3305 1200 3358 aquai
1212 3285 1248 3336 fa-

214 3389 293 3441 qnam
304 3374 338 3426 ab
348 3376 442 3428 lnleris
452 3375 543 3438 rediit3
554 3379 623 3428 sient
632 3380 710 3430 inter·
754 3377 791 3427 cit
801 3373 894 3426 rideri.
907 3374 978 3432 Seru.

212 3454 263 3502 fnit
286 3467 347 3505 ante
372 3474 451 3526 qnam
473 3455 659 3522 descenderet,
681 3471 710 3518 nt
793 3455 831 3506 13.
847 3446 1246 3522 Odorctamproodnrifemm:

213 3531 329 3583 medium
338 3547 428 3587 actnm
438 3535 598 3589 ostenderet.
610 3537 680 3590 Serv.
755 3545 782 3585 et
798 3533 851 3585 linc
865 3531 941 3597 ideo,
961 3532 1026 3602 qnia
1036 3547 1102 3580 usus
1115 3527 1170 3578 olei
1183 3521 1248 3596 apud

249 3609 274 3662 5.
287 3611 427 3684 Exsequiis.
438 3617 563 3687 Exsequi,
574 3635 624 3688 pro
634 3617 709 3670 fune·
754 3613 867 3680 majores
879 3628 934 3662 non
947 3610 1012 3673 fnit,
1021 3608 1159 3679 praecipue
1168 3604 1196 3654 in
1204 3605 1248 3653 lta-

213 3708 286 3756 '8'02
306 3689 361 3741 Cio.
383 3691 463 3745 etiam
484 3693 561 3748 Tusc.
582 3699 606 3761 l,
626 3696 709 3748 dixit:
755 3690 798 3742 lta.
815 3689 884 3743 Serv.
903 3719 938 3728 -
957 3687 1079 3761 vigilans
1097 3697 1124 3754 et
1143 3701 1208 3734 voce
1225 3693 1247 3732 et

213 3767 285 3821 unde
297 3772 434 3841 extortum
451 3772 524 3842 qnod
539 3774 616 3826 mnlti
630 3774 711 3826 cada·
755 3771 869 3823 odorato
881 3769 981 3825 lumine
997 3765 1033 3819 ad
1046 3786 1076 3824 se
1088 3767 1249 3816 incantosat·

140 3913 144 3921 ,
213 3849 341 3916 Velssjussi
359 3839 594 3918 quindenatii,
614 3871 710 3924 seque·
755 3849 860 3903 trabere
879 3844 1206 3902 nitebatur.-Cadmm;
1223 3852 1247 3892 nt

213 3930 319 3980 bamur·
337 3923 445 3986 Ἐκεῖνα
462 3929 573 3998 Crocia,
592 3933 707 3985 Turneb.
756 3929 850 3983 cedrus
863 3939 989 3998 tanquam
999 3926 1060 3977 oleo
1070 3923 1196 3988 madens,
1214 3923 1248 3971 in·

214 4005 264 4071 lx,
281 4009 318 4068 ¹8„
336 4004 442 4056 Tanaim.
756 4009 850 4061 cendia
865 4025 968 4084 semper
982 4003 1086 4056 insidiis
1102 4004 1200 4068 nutrit,
1216 4003 1247 4053 its
