2700 4586
362 291 414 354 IN
436 289 673 358 AENEIDOS
695 293 788 362 ΗΒ.
813 298 863 363 ΙΙ.
1072 331 1142 399 119·

126 409 195 491 237.
203 410 253 472 lta
262 424 293 472 et
302 413 378 472 rotis
385 410 552 474 etfunibus
559 413 672 475 scandit
679 413 719 476 ad
729 437 825 478 muros
833 419 972 484 maehina
980 423 1131 511 illa,quae

81 510 166 556 esset
179 511 354 560 extremum
368 501 470 562 fatum
482 516 576 584 atque
588 504 717 564 exitium
727 503 869 568 allatura.
882 511 990 594 Neque
1000 533 1073 576 vero
1083 517 1134 578 de·

81 582 147 644 fuit
156 587 283 670 religio,
293 603 328 651 ut
337 592 369 650 in
380 611 413 651 re
423 611 528 655 sacra:
542 590 731 654 adhibentur
740 597 857 678 quippe
866 602 970 682 pueri,
981 617 1012 663 et
1021 604 1135 686 puellae

83 670 191 735 adhue
210 678 349 759 virgines
366 681 454 760 (quta
473 693 544 740 oetas
563 693 635 762 apta
655 684 872 766 contingendis
890 691 987 749 sacris
1004 705 1134 776 propter

81 757 319 845 innocentiam)
331 786 400 848 quae
411 781 527 828 canant
539 766 644 828 laudes
659 771 691 828 in
703 768 856 833 honorem
868 775 1013 854 Palladis.

124 849 195 927 alio.
215 853 302 914 Nihil
318 856 467 938 grandius
486 858 547 918 dici
567 859 672 940 potuit
691 859 730 920 ad
749 862 970 944 explicandum
986 869 1132 946 exitium,

84 941 172 1018 quod
191 943 340 1006 machina
355 945 409 1007 illa
426 947 496 1008 urbi
513 949 635 1010 miserae
651 949 831 1012 minabatur
840 975 854 1020 z,
866 956 983 1015 etenim
997 970 1133 1034 motum,

82 1049 147 1108 quo
168 1051 271 1114 equus
289 1036 453 1117 agebatur,
474 1039 570 1098 minas
592 1050 696 1114 vocat,
718 1040 806 1121 quasi
828 1049 979 1104 nontam
999 1048 1133 1121 moveri,

83 1137 182 1198 quam
197 1124 313 1184 minari
325 1125 492 1188 videretur.
508 1125 611 1188 Placet
620 1129 716 1188 etiam
725 1149 812 1190 mens
821 1131 938 1192 Donati
950 1131 1018 1194 haee
1029 1156 1036 1192 ι
1049 1135 1136 1196 subit

83 1205 248 1286 maehina,
271 1227 302 1274 et
320 1213 475 1290 illabitur,
495 1227 527 1276 et
542 1214 686 1276 nondum
700 1219 856 1298 ingresse,
875 1217 979 1282 adhuc
996 1223 1081 1283 enim
1099 1225 1135 1285 in
1193 1284 1194 1288 ,

83 1309 175 1376 porta
192 1297 347 1378 haerebam
360 1325 433 1366 nam
446 1303 544 1380 infra,
560 1313 664 1387 quater
674 1308 737 1388 ipro
746 1305 890 1370 iulim‘t‘r'ie
899 1321 989 1391 portoe
997 1309 1133 1387 substitit,

80 1383 147 1466 jam
158 1389 273 1454 mediae
285 1391 357 1455 urbi
370 1396 484 1456 minari
495 1394 671 1456 videbatur.

123 1474 1134 1566 241.Mirenarrationemabrumpit,inseritque'exclamationem

84 1563 456 1651 admodumpatheticam
465 1571 505 1632 ad
513 1571 694 1636 excitandos
703 1571 1135 1654 effeetusllurrabatAEneas,
1179 1567 1183 1585 ¹

85 1654 165 1714 etin
180 1657 253 1738 ipso
268 1675 359 1721 eurs'u
375 1663 563 1722 narrationis
577 1659 690 1722 dolore
698 1664 811 1745 patriar
822 1660 1052 1740 elrs'timulatus,
1070 1687 1134 1726 non

83 1745 189 1823 potuit
202 1767 270 1806 non
284 1769 468 1832 erumpere,
478 1750 587 1812 ferens
598 1751 728 1832 indigne
741 1771 810 1812 eam
822 1751 1045 1830 urliemdirni,
1064 1775 1133 1836 quae
1192 1754 1196 1763 “

84 1851 209 1914 semper
221 1831 372 1898 fuisset'et
385 1838 537 1920 religione
550 1841 735 1922 conspicua,
755 1853 786 1901 et
798 1841 882 1902 bello
895 1842 1049 1902 maxima:
1069 1841 1135 1904 haec

84 1921 170 1980 enim
186 1920 253 1984 duo
265 1923 367 2007 elogia
380 1922 520 2010 attingit,
537 1926 788 2010 quibusmultum
803 1926 914 2010 majus,
936 1930 973 1988 lri
985 1927 1062 2006 illis,
1080 1933 1135 1990 Di-

84 2031 153 2071 rum
163 2011 271 2075 domur
285 2013 391 2092 Ilium,
413 2033 527 2100 magna
544 2029 591 2078 est
604 2017 852 2102 commendatio,
870 2019 960 2098 quasi
975 2019 1044 2100 ipsa
1060 2017 1136 2079 urbs

83 2119 148 2158 uon
160 2113 229 2161 tam
239 2103 364 2186 templa¹
372 2104 502 2176 haberet
515 2107 654 2167 Deorum
668 2105 864 2178 multorum,
875 2112 972 2187 quam
987 2105 1055 2186 ipsa
1068 2117 1135 2165 tota

85 2191 258 2252 sacrarium
275 2190 435 2274 quoddam
451 2207 551 2269 esset,
564 2193 742 2280 etdomus’,
755 2193 811 2253 nbi
824 2193 876 2252 Dii
891 2191 977 2252 culti.
996 2193 1137 2252 Pertinet

83 2295 158 2338 vero
170 2281 358 2354 exclamatio
367 2283 414 2344 ad·
426 2283 473 2358 id,
488 2281 743 2366 quodsteqeitur,
755 2291 858 2362 quami·
868 2281 1031 2361 ipso,‡et'c.;
1045 2279 1136 2361 quasi

83 2362 184 2428 dicat:
205 2391 270 2431 non
282 2371 375 2434 nobis
387 2374 433 2434 dii
445 2371 627 2447 defuerunt,
646 2371 854 2454 prodentibus
869 2387 901 2428 se
910 2367 1050 2444 insidiis,
1067 2389 1136 2450 qute

83 2455 117 2514 iu
131 2455 217 2538 equo
230 2455 370 2524 latebant
375 2469 558 2538 ,amorum
571 2461 690 2535 sortitam
704 2457 763 2520 sed·
776 2456 1023 2519 oteeitesmentis
1036 2456 1137 2516 abstu·
1242 2463 1246 2472 ’

83 2541 121 2603 lit
131 2565 226 2605 usum
241 2549 515 2632 aunumqutbus
521 2561 588 2610 lton
603 2549 803 2609 credidimus.
833 2573 836 2581 ’
862 2575 868 2588 ι

123 2631 194 2712 244.
214 2635 338 2720 Duplex
351 2653 444 2700 eausa
455 2640 550 2699 unius
563 2637 712 2698 aturrus:
735 2639 891 2706 instantor,
911 2639 942 2694 e't
953 2635 1026 2712 quia
1038 2633 1137 2692 imme-

85 2743 193 2797 mores,
207 2736 238 2785 et
252 2727 327 2806 quia
339 2728 539 2810 coeeijurore:
553 2729 669 2786 etenim
681 2725 782 2784 fatum
794 2735 824 2782 et
835 2722 1022 2779 memoriam
1035 2719 1137 2780 abstu-

83 2810 136 2888 lit,
149 2827 182 2874 et
192 2816 293 2874 menti
302 2814 446 2875 tenebras
457 2809 913 2889 induxit-Quidvero'fatir'ntts
923 2809 1137 2884 immemoreS,

86 2899 162 2982 quid
175 2901 406 2964 caecitatemm
419 2895 784 2984 arcemontttuminfelix.
834 2975 836 2978 Ι
1119 2903 1120 2908 ’

124 2988 193 3066 246.
206 2993 325 3052 Praeter
336 2997 497 3052 armorum
508 2991 664 3064 sonitum,
676 2995 756 3070 quo',
768 2985 930 3060 nisiemel,
945 2982 1070 3043 excitari
1083 2981 1135 3044 de·

84 3073 277 3154 buissemus,
290 3077 392 3138 adluit
404 3085 528 3162 quoque
540 3073 725 3147 raticinittm
737 3072 936 3149 Cassandrae,
949 3091 1019 3154 quae
1031 3085 1137 3132 tamen

85 3187 148 3226 non
167 3167 304 3244 eredita,
323 3167 405 3228 nihil
421 3167 538 3228 minuit*
550 3159 814 3248 c'l'aderu'.'Roges,
831 3175 871 3224 atr
884 3159 1059 3222 Cassandra
1071 3181 1137 3220 non

85 3255 221 3318 credita?
230 3279 281 3332 an,
292 3278 346 3317 ora
357 3279 420 3318 non
430 3251 661 3340 creditai'quod
671 3256 779 3320 malis:
792 3257 825 3316 in
835 3253 990 3337 posterius
1001 3247 1136 3326 inclino,

86 3345 172 3429 quod
185 3349 386 3430 exquisitius,
404 3369 506 3431 neque
518 3346 666 3429 vulgare:
686 3345 740 3408 sed
752 3366 818 3406 non
829 3361 949 3425 pugno.
969 3338 1067 3400 Plena
1078 3337 1149 3398 ista

86 3541 170 3609 villl,
181 3543 593 3617 matQunmpeneinedlfi'e‘uta
639 3556 819 3618 umerumque
839 3539 942 3592 armato
961 3534 1045 3628 milite
1062 3553 1137 3588 com·

86 3623 114 3674 in
123 3625 208 3674 muris
218 3624 253 3676 ab
263 3627 380 3678 exercitu
390 3627 598 3678 nostroutt'oenia·
635 3623 749 3696 pient.»
775 3618 861 3672 uuus·
884 3629 911 3671 et
934 3613 1137 3706 Tryphtorlorus

86 3701 402 3758 viderentur.»Vid.Caes.
410 3706 440 3756 T.
448 3707 481 3770 11,
492 3723 519 3776 p.
533 3705 590 3771 1'4‘4.
635 3711 758 3774 perstans
770 3700 798 3750 in
809 3695 969 3768 metaphora
984 3695 1075 3765 «Equi
1086 3691 1138 3745 ob-

123 3781 184 3833 238.
203 3785 284 3836 Fora.
302 3785 380 3836 Nune
401 3784 498 3855 plena,
514 3780 547 3836 ut
562 3786 591 3836 iu
636 3783 791 3836 stetrioema
802 3790 884 3830 roeat
892 3775 1038 3834 Palladem.
1055 3773 1136 3825 Paula.

86 3861 220 3914 Bneolieis
231 3885 237 3914 :
252 3863 425 3916 «Tentabunt
434 3863 592 3934 pabulafoe-
635 3891 671 3902 -·
682 3861 782 3914 Confer
793 3861 936 3912 Excuoum
948 3857 975 3912 V
972 3856 1005 3906 Π
1008 3893 1017 3920 ,
1031 3851 1139 3914 defflo-

88 3951 138 3992 tas.
148 3963 160 3988 ι
171 3969 204 3980 -
214 3943 285 3994 Foeta
296 3943 382 3994 annis.
391 3941 422 3994 ld
434 3954 487 4008 eet,
499 3942 591 4012 imple·
633 3945 698 4012 jamo
709 3939 883 4012 equo'niuros
893 3937 967 3990 urhis
978 3933 1137 3994 scandente,

91 4031 120 4071 ta
129 4022 238 4074 armatis
247 4022 317 4074 vim.
329 4020 499 4094 Respexitad
508 4013 590 4076 illud:
636 4021 690 4074 vol.¹
704 4023 743 4088 11,
757 4037 784 4092 p.
798 4018 859 4084 334.
