2670 4596
198 239 250 301 xiv
464 241 528 304 DE
553 227 786 304 GARMINE
809 239 962 304 EPIGO

197 359 305 460 pulo,
320 360 447 433 iisdem
464 361 651 434 literarum
666 365 789 434 castris
806 376 927 432 tecum
939 361 1161 460 jampridem
1175 365 1245 432 mi·
1321 377 1322 462 p

197 475 313 550 litanti
332 477 398 573 (1),
1321 475 1322 480 ἵ

296 641 357 719 Qui
369 639 497 724 paribus
510 654 629 723 gestans
642 639 748 700 eadem
761 639 874 701 vexilla
884 627 1020 716 lacertis,
1106 635 1108 640 ’

334 739 529 823 Contorquet
541 755 622 801 certa
635 739 727 800 fortia
739 739 800 800 teia
814 759 927 813 manu3

294 838 415 912 Comis,
428 853 459 898 et
470 836 607 898 urbanus
619 837 731 918 lepidis
743 837 796 896 dat
807 837 946 918 pondera
958 827 1073 912 veihis,

334 935 484 1016 Spargens
496 931 668 1008 mordaces,
681 945 713 993 at
725 933 791 992 sine
802 933 889 1007 felle,
902 933 995 1009 sales3
1029 977 1031 982 ,

293 1030 421 1112 Semper
433 1045 463 1092 et
475 1029 616 1112 exemplo
629 1029 758 1090 firmans
771 1044 940 1112 praecepta,
954 1051 1075 1092 severus

335 1123 411 1204 Quae
424 1127 530 1188 docuit
539 1125 647 1208 judex,
661 1140 770 1186 auctor
782 1141 813 1186 et
825 1129 890 1208 ipse
900 1127 987 1187 facit.

293 1223 354 1283 Pro
367 1245 474 1304 regum
487 1223 580 1296 solio,
595 1245 652 1304 pro
666 1221 829 1304 relligione
840 1235 986 1306 paterna,

234 1314 236 1319 ’
334 1321 439 1404 Usque
451 1319 622 1382 indefessus
634 1321 742 1404 praelia
755 1336 859 1382 sancta
873 1325 968 1404 gerit3

293 1420 334 1477 Et
345 1417 524 1499 conjuratos
535 1417 695 1478 Christum
707 1419 810 1480 delere
823 1421 962 1501 gigantes

334 1513 500 1576 Fulmineo
510 1514 630 1598 eloquii
643 1515 750 1596 dejicit
761 1519 834 1597 igne
844 1518 973 1577 tonans!

765 1611 779 1641 0

196 1673 345 1744 Utinam
363 1677 474 1772 igitur
489 1671 592 1744 vobis
610 1673 789 1746 ambobus
806 1677 987 1772 principia
1003 1671 1066 1744 illa
1083 1675 1246 1772 proben-

198 1808 273 1877 tur,
300 1789 434 1888 quibus
459 1789 559 1863 velut
582 1790 705 1890 aliqua
730 1796 909 1862 constanti
940 1818 1071 1863 norma
1101 1819 1246 1890 semper

196 1909 304 1976 inniti
330 1907 440 1979 soleo.
469 1911 542 1979 Nec
558 1935 644 1980 vero
664 1907 729 1979 tibi
751 1907 954 1980 admodum
977 1905 1086 1980 fuisse
1112 1909 1245 1979 viden·
1321 1935 1322 2008 g

196 2038 256 2091 tur
275 2025 433 2120 ingrata,
453 2021 754 2122 quandoquidem
781 2019 908 2110 ilium,
930 2027 994 2120 qui
1016 2021 1081 2094 tibi
1100 2022 1246 2120 placere

197 2141 299 2234 cupit
335 2137 578 2209 Classicorum
615 2141 819 2210 Auctorum
854 2137 998 2225 Editor,
1040 2138 1245 2237 aliquando
1321 2129 1322 2176 5

196 2247 317 2320 latinae
340 2256 488 2348 poeticae
512 2255 747 2352 magistrum,
773 2251 898 2322 sedens
924 2256 1017 2354 inter
1043 2249 1245 2349 discipulos

193 2359 325 2461 judex,
343 2365 507 2454 audiisti,
523 2362 767 2464 eumdemque
781 2389 857 2435 nou
875 2360 991 2435 verbis
1004 2381 1166 2451 tantum,
1181 2359 1247 2434 sed

196 2484 335 2576 scriptis
359 2486 557 2580 impensius
580 2481 753 2572 laudasti,
773 2509 886 2580 quam
904 2497 962 2570 ut,
983 2509 1024 2554 cx
1046 2479 1102 2552 his
1122 2479 1248 2555 laudi-

196 2593 265 2666 bus
280 2593 437 2667 detracta
449 2600 615 2668 amicitiae
627 2587 746 2696 parte,
760 2593 854 2669 nihil
866 2622 959 2696 verae
973 2599 1157 2667 sententiae
1171 2622 1249 2666 res-

195 2725 294 2782 taret.
314 2711 417 2783 Istud
436 2711 585 2810 quidem
603 2739 680 2784 non
699 2729 772 2784 tam
790 2715 894 2811 pretii
913 2715 1004 2800 mei,
1028 2737 1139 2808 quam
1160 2737 1248 2810 erga

197 2823 355 2896 salubria
375 2819 530 2926 quaeque
550 2827 737 2900 literarum
760 2845 937 2926 praecepta
958 2831 1167 2900 communis
1189 2844 1247 2897 tc-

198 2966 285 3010 cum
300 2941 411 3011 studii
428 2943 607 3014 indicium
625 2943 714 3032 fuit3
730 2943 881 3030 scilicet,
898 2945 1064 3040 quamvis
1081 2945 1246 3012 amicum

196 3057 403 3149 laudando,
418 3065 541 3134 minus
558 3061 650 3134 mihi
669 3091 781 3162 quam
796 3067 889 3136 sanis
904 3061 1047 3134 favebas
1063 3065 1247 3159 opinioni·
1321 3117 1322 3122 1

196 3171 275 3280 bus3
298 3170 381 3245 Tibi
403 3191 543 3264 tamen,
567 3180 595 3246 si
618 3203 691 3274 qua
715 3194 765 3248 est
785 3169 877 3246 mihi
900 3173 1015 3262 fama,
1040 3173 1244 3272 plurimam

196 3285 275 3384 ejus
289 3303 429 3384 partem
446 3305 629 3386 acceptam
649 3289 782 3378 refer03
806 3315 917 3388 quam
937 3305 996 3376 tu,
1019 3281 1245 3386 quotidianis

196 3395 345 3492 chartis,
358 3429 422 3498 per
437 3419 470 3476 te
482 3421 571 3474 tunc
584 3409 740 3476 maxime
755 3401 975 3504 vigentibus,
991 3405 1244 3488 commissam,

235 3655 275 3733 (a)
286 3659 333 3715 M.
348 3654 645 3737 tutamentum,
663 3654 752 3722 Eleae
770 3676 799 3721 et
813 3657 921 3721 Maitrc
936 3660 971 3719 de
984 3657 1146 3718 i'ancienne
1158 3658 1246 3718 Com·

195 3751 379 3812 monestede
389 3755 613 3832 Sainte·Barbe;
625 3780 736 3833 canno,
750 3779 860 3818 comme
870 3761 915 3817 M.
926 3758 1099 3828 Dusssum,
1112 3773 1190 3834 pour
1200 3775 1244 3812 uva
1321 3761 1322 3764 ’

193 3845 242 3905 des
251 3844 317 3926 pius
330 3843 439 3909 labiles
450 3854 591 3912 scriosius
606 3853 646 3913 du
659 3856 802 3914 Jouausn
815 3869 868 3914 uas
882 3851 1018 3924 Daums3
1036 3851 1245 3910 Conservateur

195 3941 228 4000 de
244 3940 272 4000 ta
288 3941 489 4027 Bibliotheque
503 3951 674 4023 Materiam
689 3954 854 4032 Inspectum
863 3951 898 4011 de
912 3946 1087 4011 t'Academic
1097 3945 1133 4005 de
1144 3945 1240 4005 Paris.
1321 3931 1322 3960 ³
