2644 4614
219 292 282 368 tas
547 288 929 354 COMMENTARIA

256 412 324 488 540.
343 415 467 476 Servius
484 415 604 496 accepit
616 433 731 495 tequam
746 415 871 474 Martem
890 433 948 494 pro
967 413 1057 474 bello
1078 427 1194 498 aperto
1211 415 1271 496 jani

217 513 247 560 et
259 499 439 577 manifesto,
459 523 561 584 neque
575 501 647 564 ullis
660 500 758 562 dolis:
774 522 849 562 nam
862 501 983 583 aequale
995 523 1061 562 esse
1076 524 1145 564 non
1161 518 1272 585 potest,

216 611 315 672 quum
332 591 390 652 soli
409 595 590 675 interempti
607 595 670 652 sint
688 591 759 652 Itali
774 615 780 650 ι
801 593 897 673 igitur
912 591 999 652 bello
1013 591 1084 674 jam
1099 607 1271 674 grassante,

215 677 271 738 ubi
290 679 370 740 vidit
385 682 478 742 Furia
495 703 526 742 se
543 683 681 763 potuisse
704 679 790 762 quod
807 681 1011 762 promiserat,
1030 680 1195 745 inchoato
1215 681 1272 760 jam

215 765 299 826 bello
312 790 383 830 cum
396 773 560 852 sauguine,
574 771 740 830 commissa
753 791 861 851 pugna
871 789 942 830 cum
953 769 1144 846 funedbus,
1156 770 1274 830 ltaliam

217 855 344 934 deserit,
354 873 385 918 et
395 875 482 920 vecta
492 879 549 942 per
557 860 625 920 caeli
636 881 737 936 auras,
747 861 764 919 J
768 881 907 920 unonem
917 861 1160 942 superbissime,
1171 875 1275 942 utpote

217 945 342 1020 victrix,
355 946 539 1030 alloquitur.

258 1029 327 1106 545.
342 1036 474 1112 Perfeci,
496 1038 613 1118 inquit,
632 1036 720 1118 quod
732 1036 867 1115 jussisti3
885 1038 930 1096 ita
941 1048 1016 1096 sunt
1029 1039 1088 1098 irae
1098 1035 1274 1108 inchoatae,

218 1133 254 1178 ut
266 1141 367 1203 neque
379 1145 415 1184 ex
430 1139 483 1186 tua
497 1124 660 1186 voluntate
676 1125 812 1206 reparari
825 1124 997 1184 concordia
1012 1127 1134 1206 possit3
1158 1124 1275 1184 etiamsi

218 1208 286 1288 ipsa
294 1207 436 1290 jusseris,
451 1229 487 1274 ut
497 1216 667 1276 amicitiam
676 1214 815 1294 jungant
823 1213 981 1289 etfoedus,
992 1213 1079 1286 nibil
1090 1214 1275 1296 assequeris,

218 1299 292 1378 quia
302 1297 369 1380 jam
381 1305 509 1384 respersi
521 1302 673 1384 Trojanos
686 1303 825 1363 Ausonio
839 1304 1003 1384 sanguine.

259 1387 327 1464 548.
336 1391 420 1467 Quin
430 1394 453 1452 si
459 1391 602 1473 jusseris,
612 1394 1060 1467 ettuaconsentitauctoritas,
1072 1391 1184 1452 clades
1191 1388 1276 1450 cladi·

218 1474 279 1538 bus
289 1479 475 1542 cumulabo:
490 1481 628 1542 efficiam
638 1485 723 1543 enirn
732 1527 741 1557 ,
750 1495 785 1542 ut
795 1483 905 1542 vicinae
915 1479 1012 1541 urbes
1024 1495 1124 1540 ruant
1134 1482 1173 1539 in
1183 1477 1275 1548 bella;

220 1568 388 1628 accendam
404 1572 526 1632 animos
538 1570 614 1631 belli
629 1573 767 1646 insania,
780 1583 814 1628 ut
826 1569 966 1650 undique
981 1571 1014 1628 in
1032 1567 1197 1628 auxilium
1208 1587 1275 1626 con·

220 1670 372 1739 curratur.
388 1659 473 1734 Quin
486 1662 510 1720 si
524 1681 604 1742 opus
617 1658 712 1720 fuerit
725 1679 810 1718 arma
822 1657 1022 1740 compluere,
1041 1670 1074 1717 et
1087 1677 1238 1738 spargere
1250 1657 1275 1711 in

221 1763 346 1804 omnem
360 1747 482 1822 locum,·
492 1749 524 1807 id
537 1751 641 1828 ipsum
654 1739 846 1829 praestitero:
860 1767 958 1826 quum
972 1748 1031 1818 ait,
1043 1765 1192 1826 spargam
1202 1763 1275 1802 mma

218 1852 271 1911 per
281 1853 380 1912 uqros,
395 1835 559 1916 intelligit,
572 1835 680 1909 credo,
693 1856 726 1894 se
738 1835 942 1894 excitaturum
955 1833 995 1892 ad
1009 1832 1135 1892 bellum
1152 1843 1276 1912 agrestes

222 1939 330 1980 omnes
346 1934 376 1980 et
387 1925 538 1984 rusticos:
552 1927 657 2005 itaque
671 1924 891 1984 discriminans
902 1923 961 1996 ait,
975 1936 1006 1981 et
1019 1923 1135 1996 urbes,
1148 1935 1182 1980 et
1194 1937 1274 1999 agros

222 2009 440 2075 commovebo.
458 2015 580 2074 Servius
598 2028 688 2074 notat
702 2014 782 2072 bene
798 2012 901 2072 Furiae
919 2012 951 2068 in
968 2011 1135 2092 principio
1146 2009 1273 2088 denega·

188 2167 191 2186 ι
221 2111 287 2155 tam
297 2101 489 2176 orationem,
500 2103 590 2182 quasi
600 2103 780 2184 properanti
793 2098 833 2159 ad
843 2098 966 2173 scelera,
976 2117 1047 2179 quaa
1057 2111 1172 2156 umen
1182 2095 1274 2155 eidem

223 2208 308 2248 nunc
320 2187 412 2252 datur
424 2205 497 2273 post
507 2191 590 2252 bella
603 2194 747 2273 incoepta.

263 2278 330 2340 552.
349 2280 438 2341 Nihil
459 2283 595 2365 amplius
613 2283 746 2365 requirit
765 2283 850 2341 Juno
868 2300 887 2338 a
907 2279 1017 2352 Furia,
1037 2277 1188 2359 dicitque
1207 2276 1272 2335 satis

223 2385 287 2426 csse
306 2381 480 2444 terrorum3
501 2373 573 2431 satis
594 2369 776 2430 fraudiumt
798 2381 971 2440 terrorum
990 2386 1082 2439 narn,
1104 2368 1198 2426 Stant
1216 2359 1273 2422 belli

222 2477 332 2530 eausae,
354 2474 505 2541 pugnatur
524 2465 658 2523 cominus
682 2464 790 2521 amis:
813 2458 994 2530 fraudium3
1016 2477 1113 2530 nam,
1133 2457 1208 2539 Quia
1217 2455 1273 2537 fors

221 2547 318 2624 prima
337 2547 428 2623 dedit,
446 2554 565 2634 sanquis
579 2573 671 2612 novus
687 2550 905 2610 itubuitarmr:
921 2546 1071 2607 videlicet
1086 2547 1131 2606 ob
1152 2562 1270 2604 cervum

222 2633 422 2698 vulneratum
437 2640 511 2702 dolo
527 2645 646 2704 Furiae:
667 2643 774 2722 itaque
793 2637 965 2712 secundus,
985 2651 1017 2697 et
1039 2636 1157 2696 tertius
1177 2650 1272 2693 versus

223 2723 383 2804 explicant
396 2731 545 2810 primum.

264 2813 332 2876 555.
346 2819 419 2878 Duo
434 2818 467 2878 hi
485 2843 589 2882 versus
604 2819 752 2880 ridentur
770 2816 851 2878 mihi
865 2816 961 2898 positi
978 2835 1053 2874 cum
1065 2833 1189 2893 magno
1199 2809 1273 2891 judi·

224 2901 288 2976 cio,
307 2917 345 2964 ut
361 2907 573 2988 respondeant
590 2911 660 2990 pari
681 2905 822 2988 emphasi
844 2919 875 2964 et
896 2903 1125 2964 consecutione
1142 2899 1272 2962 versibus

223 2992 340 3068 Furim,
360 3016 431 3077 quae
448 2999 542 3058 etiam
557 2998 689 3058 irridens
701 2997 836 3068 dixerat,
858 2997 916 3054 Dic
933 2996 965 3052 in
978 2993 1147 3051 curicitimn
1165 2999 1271 3058 coeam,

225 3080 505 3167 etfoederujunpant.
513 3090 595 3168 Ergo
603 3086 710 3146 ridens
719 3085 952 3168 quoqueJuno,
960 3077 1047 3142 Tatta
1054 3077 1272 3152 monebimus.

224 3170 265 3228 Et
279 3171 406 3251 quidem
424 3173 475 3235 hic
489 3176 610 3236 Samius
623 3176 802 3236 irrisionem
817 3173 962 3254 agnoscit
974 3190 1009 3230 ex
1024 3167 1099 3244 illo,
1122 3168 1273 3249 Eqmqium

224 3280 329 3339 penus,
342 3275 391 3338 ut,
404 3267 564 3348 Egregium
575 3286 640 3326 uero
655 3263 779 3326 laudem.
1267 3342 1272 3353 Ι

267 3349 334 3432 557.
354 3353 424 3414 Non
440 3358 558 3437 respuit
573 3357 701 3416 Furiam
719 3352 895 3426 fastidiose,
913 3363 1064 3430 utquam
1080 3347 1210 3406 viderat
1227 3343 1274 3404 sibi

227 3441 383 3519 egregiam
394 3463 524 3524 operam
535 3445 733 3527 praestitisse;
745 3441 798 3504 sed
806 3438 930 3502 confert
941 3441 973 3498 in
982 3439 1095 3498 Jovem
1106 3434 1275 3496 excusatio·

228 3545 314 3601 nem,
327 3533 383 3611 qui
394 3533 476 3594 nolit
485 3535 572 3596 illam
583 3535 638 3595 diu
648 3537 763 3594 versari
775 3536 808 3592 in
817 3533 904 3605 luce3
919 3543 992 3590 etse
1007 3529 1052 3587 ait
1066 3525 1273 3587 coniecturam

229 3613 314 3689 quod
327 3635 474 3698 superest.

271 3700 337 3761 561.
359 3709 509 3769 volatum
523 3713 625 3771 Furiae
644 3713 722 3770 mire
742 3707 889 3770 describit
903 3705 942 3765 ab·
959 3704 1095 3765 stridore
1111 3703 1272 3784 anguium

230 3786 324 3846 sedem
336 3795 438 3874 Cocyti
450 3802 585 3879 opponit
596 3799 695 3859 arduis
708 3801 824 3881 superis.

270 3928 329 3996 541.
348 3933 470 3988 Promissi
486 3939 533 3991 dea
542 3941 619 4012 facta
633 3954 733 4013 potens.
778 3954 832 3994 tem
839 3957 900 3992 eam
908 3936 1086 3990 consensione
1094 3932 1274 4005 intelligimus:

233 4013 353 4064 Honesta
370 4011 499 4079 elocuti0;
516 4022 671 4089 promisisse
686 4041 735 4076 au·
778 4041 842 4075 nam
852 4038 908 4073 non
922 4017 1055 4092 promisit.
1066 4017 1139 4070 Sem.
