2646 4606
310 327 362 390 IN
384 324 621 393 AENEIDOS
643 329 736 393 LlB.
760 331 823 396 VI.
1023 334 1081 397 361

43 447 154 524 Quum
167 449 211 507 ait
216 447 326 532 fronde
344 469 437 523 nova,
458 448 613 530 intellige,
631 464 778 512 aeternam
797 466 827 512 et
845 473 965 536 semper
981 473 1087 535 perpe·

41 547 150 595 tuam:
166 536 244 598 illud
254 537 414 620 praeclare,
425 551 456 598 et
467 559 502 598 ex
517 553 627 599 natura
639 542 729 615 visci,
743 541 821 623 quod
833 563 894 604 non
904 566 955 605 sua
966 545 1090 604 seminat
1166 547 1169 557 “

42 621 148 696 arbos,·
164 625 300 685 nascitur
311 628 395 685 enim
409 627 527 685 viscum
543 627 575 685 in
595 624 774 704 arboribus,
796 631 843 689 vel
858 633 962 712 potius
977 630 1089 690 adnas-

43 713 146 771 citur:
162 735 249 788 nam,
262 716 393 788 siseres,
410 714 488 774 nibil
502 716 541 774 ab
557 737 594 775 eo
607 718 768 796 provenit:
781 739 879 799 quum
894 723 937 780 ait
943 721 1034 804 soetu,
1047 717 1090 777 al·

43 797 131 858 ludit
144 800 183 860 ad
198 823 302 862 recens
316 805 449 877 viscum,
464 801 548 883 quod
565 801 766 879 sublustrius,
784 819 814 864 et
830 805 1038 887 splendidius3
1056 813 1090 864 ac

41 902 210 969 propterea
221 890 315 952 foetus
323 905 399 952 tunc
408 912 545 968 croceus,
557 891 586 951 id
598 907 656 966 est,
665 892 798 953 referens
806 895 1001 976 splendorem
1012 897 1090 955 auri.

86 977 156 1035 208.
169 977 443 1060 Comparationem
454 978 491 1038 ad
502 981 678 1038 institutum
689 982 904 1053 accommodat
915 1005 921 1040 :
933 980 1027 1041 verba
1037 980 1092 1039 illa

45 1067 116 1124 auri
123 1066 303 1149 frondentis,
318 1071 419 1150 posita
433 1069 471 1128 ad
482 1069 738 1130 admirationem:
753 1093 825 1131 nam
841 1074 910 1152 quis
922 1092 988 1131 non
1002 1073 1093 1130 mire·

44 1165 100 1212 tur
111 1175 224 1216 aurum
236 1159 269 1217 iu
282 1159 351 1218 ilice
362 1157 575 1219 frondescere?
589 1157 709 1240 adjicit3
727 1163 768 1221 sic
779 1159 838 1221 leni
845 1160 1002 1244 crepitabat
1012 1159 1092 1219 brac·

46 1253 94 1301 tea
105 1255 206 1317 vento,
223 1247 296 1327 quia
313 1246 456 1308 videlicet
473 1244 538 1328 ejus
556 1246 634 1308 lolia
653 1267 688 1306 ea
707 1247 877 1309 subtilitate
895 1261 1005 1308 natura
1020 1265 1093 1327 pro-

45 1327 196 1407 duxerat,
211 1347 259 1409 ut,
272 1355 347 1394 aura
364 1337 500 1417 spirante
514 1336 699 1417 crepitarent
715 1336 990 1417 vibrarenturque,
1005 1334 1094 1414 quasi
1138 1332 1142 1341 '

43 1418 174 1481 bractea
188 1423 331 1504 quaedam
341 1437 371 1485 et
385 1425 519 1485 lamina:
540 1445 640 1506 quum
655 1424 748 1500 dixit,
764 1425 927 1500 bracteam,
940 1423 1041 1484 voluit
1054 1437 1095 1481 te·

44 1509 201 1570 nuitatem
212 1515 392 1593 exprimere.
405 1515 519 1574 Seneca
533 1513 661 1594 q'uidem
676 1533 723 1594 ep.
737 1515 790 1589 41,
805 1514 900 1591 dixit,
917 1509 1056 1594 lunqaido
1068 1522 1096 1569 et

48 1595 205 1662 bracteam.
902 1667 909 1682 ι

91 1706 163 1748 210.
186 1690 263 1767 Qui,
285 1690 426 1766 obsecro,
447 1691 600 1774 refrinqit?
619 1690 703 1771 quod
723 1689 854 1754 verbum
877 1689 1093 1750 difficultatem

46 1774 186 1838 indicat:
199 1781 253 1860 qui
266 1783 359 1841 etiam
372 1785 579 1843 cunctantem?
589 1801 687 1861 quum
701 1779 825 1856 dixerit,
840 1801 967 1862 namque
978 1784 1036 1861 ipse
1047 1797 1094 1836 vo·

48 1858 113 1922 lens
121 1863 279 1949 facilisqte
298 1882 456 1952 sequetur:
478 1866 579 1928 nodos
598 1869 672 1928 istos
690 1869 783 1929 solvit
805 1867 990 1928 attributum
1013 1861 1094 1924 illud

47 1950 172 2012 avidus:
188 1957 272 2015 enim
287 1977 357 2037 quaa
371 1955 571 2017 vehementer
589 1957 747 2039 cupimus,
763 1957 883 2016 etiamsi
897 1971 1094 2038 praepropere

48 2036 261 2114 liant,'tamen
278 2043 423 2106 videntur
432 2047 581 2105 cunctari.

92 2146 161 2188 axa.
173 2130 262 2190 Redit
274 2131 314 2191 ad
323 2131 419 2193 funus
431 2133 545 2212 Miseni
557 2154 564 2190 :
576 2133 636 2191 tria
647 2135 763 2214 quippe
770 2141 956 2212 praeceperat
967 2127 1093 2207 Sibylla,

3 2271 4 2294 ζ
48 2229 82 2276 et
95 2214 157 2278 boc
170 2221 305 2280 secundo
324 2221 412 2282 loco:
426 2221 501 2281 buic
521 2221 625 2280 funeri
647 2241 779 2302 praesens
795 2220 856 2279 fuit
873 2220 996 2291 AEneas3
1019 2235 1095 2274 nam

47 2327 68 2364 a
81 2308 169 2367 tectis
181 2308 321 2390 Sibyllae,
336 2331 434 2390 quum
449 2310 487 2370 ad
501 2309 587 2368 illam
609 2310 712 2368 attulit
731 2329 867 2382 ramum,
883 2307 986 2366 statim
1003 2325 1036 2364 se
1055 2303 1095 2363 ad

4 2455 5 2472 ,
48 2395 123 2456 litus
135 2398 287 2474 contulit,
300 2413 335 2458 ut
344 2401 501 2458 interesset
511 2398 631 2474 funeri,
640 2400 733 2458 etiam
742 2400 766 2458 si
777 2397 935 2480 hocpoeta
946 2396 1094 2456 tacuerit:

4 2547 5 2556 ,
47 2481 110 2542 hoc
125 2504 199 2544 vero
211 2483 306 2544 funus
318 2487 446 2567 erigitur
460 2487 494 2545 in
508 2485 614 2560 litore,
627 2506 662 2544 ex
677 2507 764 2546 more
778 2486 918 2566 antiquo.
933 2483 1039 2560 Quum
1052 2483 1098 2542 ait,

47 2594 202 2653 suprema,
216 2575 348 2636 subaudi
362 2575 491 2636 funera:
508 2577 620 2657 inarato
638 2577 743 2650 cineri,
761 2575 792 2634 id
808 2588 866 2650 est,
882 2575 1015 2654 gratiam
1029 2591 1096 2632 non

50 2659 200 2722 relaturo.
511 2660 515 2664 ’

5 2801 6 2805 ,
94 2747 161 2824 2¹4·
177 2751 320 2831 Sequitur
337 2763 502 2834 apparatus
522 2750 659 2811 funeris:
674 2770 764 2831 ergo,
784 2769 861 2831 pyra
878 2749 1043 2807 exstruitur
1061 2765 1097 2804 ex

6 2827 7 2832 ἵ
50 2835 157 2916 picea,
168 2849 198 2896 et
207 2837 337 2897 robore:
349 2860 424 2898 nam
433 2841 552 2920 piceam
565 2836 712 2918 intelligit
722 2835 822 2895 verbis
830 2836 909 2910 istis,
917 2853 1024 2916 pyram
1032 2833 1097 2913 pin-

6 2983 8 3000 ,
50 2946 142 3006 quem
156 2926 254 2987 taedis:
273 2927 370 2988 robur
388 2929 471 2988 clare
488 2931 593 3010 ponit,
609 2939 639 2988 et
657 2925 763 3007 adjicit
781 2938 873 3000 secto,
889 2924 961 2984 lisso
977 2923 1097 2994 cuneis3

50 3035 129 3074 nam
141 3036 248 3098 supra,
262 3020 361 3078 cuneis
372 3015 498 3100 etfissile
513 3017 602 3079 robur
615 3015 766 3078 scinditur.
784 3012 1097 3096 ltaquefundamen·

7 3097 9 3176 ᾗ
49 3115 121 3162 tum
137 3124 220 3185 pyrae
231 3104 360 3166 luerunt
374 3109 475 3188 picea,
491 3119 522 3166 et
532 3106 647 3166 robur:
662 3119 692 3164 et
705 3106 791 3187 prius
803 3106 905 3186 picea,
920 3116 955 3161 ut
968 3121 1037 3181 quae
1048 3113 1099 3158 tae·

53 3189 155 3252 difera
167 3205 196 3252 et
205 3194 346 3276 pinguis,
361 3216 425 3278 quo
437 3195 557 3256 facilius
567 3197 674 3256 omnia
684 3193 843 3256 arderent:
856 3187 1044 3252 lateraillius
1053 3189 1100 3246 in·

91 3417 152 3470 2⁰7.
173 3401 271 3455 Teretes
292 3415 402 3458 tmncos.
422 3404 496 3458 Terea
514 3417 555 3457 est
598 3403 661 3470 Vel,
675 3402 799 3456 cadaveri
811 3400 924 3472 gratiam
938 3408 965 3448 et
981 3393 1100 3446 officium

8 3487 9 3492 ’
54 3479 202 3532 rotundum
218 3467 320 3554 aliquid
333 3502 394 3535 cum
408 3485 556 3554 procerita-
599 3501 655 3535 non
667 3479 860 3535 sentientizvel
872 3476 974 3529 nullam
985 3475 1099 3546 gratiam

9 3543 11 3560 Ι
54 3573 97 3612 to:
108 3571 155 3624 ut,
171 3562 351 3614 nlncumbens
360 3565 438 3614 tereti
450 3563 556 3616 Damon
599 3561 735 3615 habituro.

9 3627 12 3657 ἶ
54 3640 93 3691 Sic
103 3639 279 3710 coepitolivae.
291 3663 303 3688 s
317 3642 457 3710 Horatius,
471 3644 557 3694 «Brat-
637 3647 698 3694 215.
714 3642 851 3713 [repentem
869 3648 980 3691 stne->tere
995 3651 1099 3706 pyrum.

9 3705 12 3738 ⁵
53 3719 130 3785 chia,
147 3731 174 3772 et
185 3720 301 3786 veritum,
320 3733 469 3792 teretesque
480 3739 556 3774 suras
601 3723 640 3775 Eo
660 3721 800 3773 honestius
821 3719 988 3783 censebatur,
999 3716 1100 3778 funus,

10 3787 12 3814 l
53 3801 160 3871 lumber
171 3799 263 3852 ¹³⁰d0·
274 3823 285 3848 ¹⁸
297 3801 367 3852 Serv·
602 3819 656 3876 quo
667 3801 746 3853 altior
754 3813 780 3852 et
787 3797 915 3872 grandior
921 3813 995 3868 pyra.
1004 3791 1099 3864 Supra3

10 3867 13 3896 ⁷
91 3880 153 3932 2¹3.
166 3881 258 3932 δίκαι’.
271 3879 398 3932 Nondum
408 3881 474 3933 cinis
485 3897 554 3946 erat;
604 3881 748 3952 «caeloque
762 3879 876 3933 educere
890 3887 1001 3930 certant.
1013 3897 1024 3922 n
1044 3875 1101 3924 ilo-

10 3947 14 4032 l
55 3959 105 4013 sed
116 3977 188 4025 mox,
196 3960 336 4013 combusto
348 3960 488 4026 cadavere,
499 3977 557 4015 erat
600 3961 765 4014 merutidem
774 3961 811 4012 ait
819 3958 852 4010 de
862 3955 1001 4009 funeribus
1009 3955 1101 4006 Patro-

11 4037 14 4050 '
55 4042 171 4094 futurus.
187 4041 283 4094 Donat.
296 4041 427 4095 -Cineri
443 4041 553 4115 inprato.
600 4041 835 4108 cli,Hectoris,et
844 4036 992 4110 Elpenoris.

857 4287 873 4316 δ
