2644 4614
315 325 366 390 nr
390 321 628 388 nnnrnos
650 323 743 387 nra.
768 323 879 388 vul.
1053 327 1115 415 487

73 443 159 506 filins
173 447 233 508 fuit
246 448 374 510 Electrae
391 448 463 507 filiae
478 447 623 506 Atlantis:
643 447 813 508 Mercurius
829 450 949 530 primus
965 450 1118 510 Arcadum

73 547 177 613 pater,
196 535 278 595 filius
297 535 356 596 fuit
377 537 468 596 Maiae
489 533 560 594 filia
576 535 716 593 Atlantis.
737 535 847 618 ltaque
861 537 979 598 Electra
994 553 1024 599 et
1037 541 1118 599 Maia

74 640 197 682 sorores
220 622 363 697 fuerunt,
387 623 441 682 illa
461 629 560 682 maier
582 622 734 696 Dardani,
756 621 821 682 hanc
844 625 1003 687 Mercurii:
1027 649 1118 710 crgo,

74 727 174 787 quum
188 709 314 791 Trojani
329 732 347 770 a
361 711 523 786 Dardano,
538 709 668 769 Arcades
685 729 702 767 a
719 710 873 772 Mercurio
887 713 1006 776 ducunt
1023 718 1119 798 origi·

73 814 168 872 uem,
183 795 217 856 fit
231 797 376 879 proinde,
391 813 427 858 ut
439 795 581 878 Trojnui,
596 809 627 855 ot
639 796 768 858 Arcades
785 802 908 878 cognati
922 803 1000 878 sint,
1017 806 1120 885 utqui

74 884 115 944 ab
129 905 193 945 uno
203 889 336 948 Atlantia
347 891 497 970 sanguino
509 899 538 947 er
550 888 683 962 semina,
694 888 779 966 unde
789 888 903 950 scindit
912 908 944 949 se
952 893 1119 953 amborum

74 977 267 1054 genunEcce
275 977 418 1058 rcihujus
426 976 798 1038 firmamentntEloctrar'n
806 977 900 1038 fuisse
909 978 1006 1040 filiam
1018 983 1121 1042 Atlan-

73 1061 128 1137 ris,
139 1079 170 1124 et
179 1066 218 1126 ab
229 1088 265 1128 ea
274 1081 382 1128 natum
392 1065 590 1139 Dardanum,
600 1067 692 1124 vestri
705 1063 869 1146 perhibent
877 1067 990 1129 Graeci:
999 1070 1120 1129 Maiam

71 1147 168 1210 luisse
175 1148 306 1214 Atlantis
315 1153 413 1214 liliam
424 1153 507 1212 fama
518 1152 591 1226 fert,
601 1151 754 1211 uenditis
765 1151 926 1213 credimus.
938 1155 1047 1236 ltaque
1059 1159 1121 1237 pri·

73 1256 163 1297 mum
174 1240 276 1300 valide
285 1240 434 1314 firmavit,
446 1251 476 1297 et
484 1239 608 1298 Groecos
620 1239 703 1320 ipsos
714 1252 804 1300 testor
817 1239 960 1316 adduxit,
972 1261 1011 1303 ue
1020 1244 1121 1304 Evan-

72 1325 130 1386 der
141 1343 282 1410 negaret,
296 1329 349 1410 qui
362 1329 505 1389 Graeoua:
520 1327 651 1387 alterum
663 1329 697 1386 in
709 1327 827 1390 famam
838 1328 980 1411 conjicit,
993 1345 1121 1410 conton-

72 1427 123 1476 tns
132 1437 182 1493 ea;
195 1439 260 1478 non
271 1420 355 1478 enim
365 1418 508 1478 Evander
517 1429 656 1498 negaret,
669 1437 739 1498 quar
753 1431 850 1479 meent
862 1423 981 1503 proprii
992 1421 1119 1484 decoris.

119 1509 184 1582 ¹43·
197 1510 304 1568 Fretus
316 1509 428 1568 virtute
438 1528 520 1583 men,
531 1509 667 1567 Deorum
677 1505 762 1585 fatis,
778 1511 980 1590 cognatione,
993 1531 1062 1593 quac
1073 1526 1121 1574 cat

74 1598 158 1657 inter
166 1597 298 1659 Arcadas
310 1589 340 1658 ‘et
349 1596 514 1679 Trojanoa,
526 1597 615 1658 nolui
627 1597 809 1678 perlegatur
819 1615 887 1659 rem
897 1617 1018 1680 parerer
1030 1602 1121 1664 nolui

75 1698 141 1746 arte
153 1687 257 1768 aliqua
272 1699 301 1747 et
315 1687 428 1746 callido
441 1686 573 1747 oonsilio
588 1697 722 1760 tentore,
739 1685 819 1748 nihil
830 1699 936 1768 pactus
948 1703 1017 1748 anm
1029 1702 1122 1750 antea

76 1783 195 1850 tecum,
209 1787 242 1835 ut
256 1775 355 1836 solent
368 1772 430 1850 illi,
445 1776 499 1856 qui
514 1795 580 1834 non
594 1775 667 1834 satis
679 1772 784 1835 fidunt
797 1774 901 1849 alterii
915 1796 980 1836 non
991 1777 1077 1838 euim
1089 1796 1125 1840 se·

76 1860 222 1938 credunt,
236 1863 294 1923 nisi
309 1875 398 1943 pacto
411 1862 536 1942 aliquo:
552 1864 594 1922 ita
608 1864 696 1924 omui
709 1861 785 1924 dolo
796 1861 931 1944 abjecto,
944 1863 1033 1926 nullo
1045 1881 1122 1924 con·

76 1949 147 2010 silio
162 1951 333 2026 occultato,
346 1970 396 2010 me
409 1950 484 2024 ribi,
500 1961 529 2009 et
543 1962 636 2032 caput
650 1969 754 2010 meum
770 1947 883 2030 objeci,
896 1962 927 2011 et
941 1950 1070 2033 supplex
1083 1949 1122 2012 ad

72 2052 107 2098 te
118 2042 206 2100 veni:
224 2041 308 2117 vide,
321 2059 415 2122 quam
427 2039 485 2099 tibi
498 2038 604 2100 fidam.

120 2126 185 2203 146.
199 2127 417 2188 Efficacirsima
429 2140 501 2186 sant
511 2125 592 2188 hoec:
607 2129 661 2206 qni
674 2123 753 2186 mihi
766 2123 871 2186 horrca
883 2135 969 2200 sunt,
981 2125 1040 2184 tibi
1050 2123 1123 2186 hos·

76 2228 119 2276 tes
134 2230 221 2277 sunt:
240 2219 264 2276 ai
280 2238 330 2276 me
344 2216 432 2275 ltalia
447 2216 582 2298 pellant,
596 2228 626 2273 te
641 2215 730 2274 ltalia
742 2213 874 2294 pellent:
894 2212 1024 2274 creduut
1037 2215 1123 2276 enim

74 2302 158 2364 nihil
175 2303 371 2377 abfuturum,
390 2306 482 2382 quin,
498 2324 549 2362 me
567 2305 664 2379 victo,
682 2301 805 2362 ltaliam
824 2321 950 2361 omnem
969 2322 1057 2362 suam
1076 2301 1122 2362 fa·

76 2390 177 2464 ciant,
198 2391 290 2448 etiam
309 2389 500 2470 penitissima
516 2408 646 2470 quaeque
658 2401 688 2448 et
706 2401 858 2450 extrema:
873 2409 973 2470 neque
985 2387 1033 2449 his
1051 2410 1124 2450 con-

76 2479 154 2538 tenti
166 2478 316 2538 tenebunt
331 2497 414 2536 mare
428 2497 589 2558 superum,
605 2497 690 2538 mare
705 2477 855 2554 inferum,
871 2477 903 2537 id
918 2489 976 2554 est,
990 2479 1126 2540 Adriati-

76 2587 164 2642 cum,
179 2579 209 2626 et
222 2564 428 2648 Tyrrhenum.
441 2565 519 2644 Quae
533 2564 592 2624 ribi
606 2584 693 2627 nunc
709 2583 793 2648 spes,
807 2561 972 2627 Evander?
985 2585 1058 2648 ergo
1076 2587 1125 2628 ac·

77 2655 159 2736 cipe,
174 2669 205 2716 et
217 2653 257 2716 da
270 2653 375 2718 fidem.
466 2693 478 2720 a

121 2746 186 2805 150.
201 2745 368 2805 Conclusio
379 2743 571 2824 argumenti:
585 2740 666 2802 nihil
673 2743 740 2822 jam
751 2755 859 2817 restat,
869 2744 931 2804 uisi
941 2742 1036 2804 iidem
1046 2766 1063 2806 a
1074 2765 1124 2808 me

78 2834 224 2914 accipias,
238 2847 268 2893 et
280 2832 333 2893 dea
347 2832 495 2892 vicissim:
516 2850 556 2888 nc
571 2827 741 2909 dedignare
755 2830 854 2889 socios
868 2829 1036 2910 Trojanoa:
1053 2847 1126 2892 aunt
1193 2849 1196 2854 ·

78 2923 169 2983 nobis
190 2922 285 2983 fortia
304 2935 446 3004 pectora,
467 2918 561 2980 forres
582 2920 690 2979 animi.
718 2918 840 2996 Quaeris
862 2920 1126 3002 experimentum?

77 3010 203 3092 spectati
222 3030 327 3070 sumna
346 3024 377 3069 et
393 3005 518 3090 probati
535 3007 626 3067 rebus
646 3017 755 3068 contra
772 3007 895 3066 Groecos
912 3006 1003 3086 gestis
1017 3005 1124 3066 deceni

78 3120 236 3160 annornm
251 3120 352 3161 cursu.
891 3090 895 3098 ’
922 3153 924 3160 ⁴

122 3188 186 3248 152.
208 3187 390 3248 lividissima
406 3183 550 3246 Evander
566 3185 667 3246 AEneac
685 3206 734 3262 os,
754 3178 875 3262 oculos,
894 3199 1007 3264 corpus
1022 3192 1124 3243 torum

119 3394 506 3470 143.Ncqueprimaperarlem
514 3395 579 3448 ren·
624 3409 654 3448 ut
665 3412 784 3468 pangere
795 3408 886 3446 varana
899 3405 927 3445 et
938 3393 1022 3444 virm
1038 3392 1128 3464 pepiqr‘

82 3484 196 3525 tamenta
206 3475 245 3525 rui
250 3476 347 3548 pepiqi.
358 3478 426 3530 Cum
434 3474 509 3528 nullo
518 3486 580 3527 anta
623 3477 745 3549 gemino·
765 3485 805 3526 eat
821 3471 866 3525 hio
878 3472 1029 3544 praeteritus
1045 3471 1127 3525 abeo

79 3565 174 3625 pactus
188 3571 261 3620 sum,
278 3567 307 3605 nt
318 3567 359 3623 ra,
377 3569 423 3608 ant
434 3574 483 3628 per
495 3567 580 3606 arten
625 3554 700 3626 qaod
720 3565 760 3606 eat
774 3552 903 3626 paciacorr
925 3552 991 3604 lauit
1007 3552 1081 3604 enirn
1100 3564 1128 3606 et

80 3633 211 3703 aliquam,
229 3646 274 3684 aur
286 3652 334 3704 per
348 3634 464 3707 legatos,
479 3635 580 3706 proba·
622 3634 711 3707 pepiqr'
725 3645 751 3685 et
762 3643 854 3704 pactus
865 3645 939 3696 sum,
960 3631 1028 3683 aiunt
1035 3629 1127 3702 planco

79 3731 150 3766 ram:
161 3711 209 3764 sed
221 3712 385 3783 intrepidum
394 3733 436 3766 ma
445 3714 496 3766 tibi
506 3733 579 3768 com·
624 3726 652 3766 et
662 3711 774 3784 placinu
786 3729 851 3764 rum.
865 3712 940 3784 Papo
954 3709 1039 3776 eninr,
1055 3709 1127 3762 unda

81 3793 578 3848 misiSeru-Necaententiamtnam
623 3791 701 3844 molti
719 3793 809 3844 venire
829 3790 924 3842 volant
943 3789 1044 3862 pepipr',
1064 3806 1129 3840 nua-

82 3872 172 3944 aliqna
182 3874 245 3924 arria
256 3873 401 3926 calliditate
411 3873 498 3928 elicui.
508 3877 578 3928 Dan.
624 3889 705 3944 quam
721 3884 761 3925 eut
779 3872 887 3925 lectum.
898 3895 932 3910 -
942 3871 988 3923 Ma
1002 3888 1044 3922 me
1060 3869 1126 3940 ipae,

81 3980 115 3992 -·
122 3951 188 4003 Sunt
196 3953 241 4022 qui
247 3971 361 4026 paupere
367 3964 526 4006 tentamenta
535 3973 580 4007 uo-
623 3971 672 4024 per
681 3953 834 4024 Epirauxim
845 3951 996 4025 geminatur
1008 3965 1068 4000 curn
1078 3948 1127 4000 im·

81 4032 181 4101 cipiant
192 4050 242 4106 pro
253 4051 414 4107 componere
425 4047 452 4088 et
463 4046 579 4099 struem
623 4047 689 4107 potu
698 4033 938 4108 pronunciationis.
950 4027 1107 4100 Erytlroenr.
