2700 4586
357 305 408 371 IN
432 303 666 378 AENEIDOS
689 307 783 372 LlB.
808 309 833 372 l.
1071 313 1112 380 85

66 423 130 494 ,lroc
142 435 205 504 est,
215 427 331 512 falsam
347 426 453 490 habeus
468 425 546 490 illius
551 429 678 511 faciem,
692 450 752 511 pru
767 442 792 490 te
797 429 896 512 feros:
908 449 971 510 qua
984 430 1114 513 explica·

68 517 157 576 tione
167 531 293 600 pugnat
303 516 438 597 Scaliger
449 517 481 576 in
493 517 633 576 Servium
645 539 652 576 :
665 531 778 578 noctem
787 539 893 590 unum,
905 539 966 579 non
974 518 1116 600 amplius,

67 598 130 668 lroc
145 627 163 664 a
178 605 346 682 facilitate,
357 607 390 666 in
403 626 464 687 qua
476 606 628 686 persistit,
643 625 740 686 quum
752 605 892 688 subjicit3
905 609 960 690 qui
974 628 1053 689 puer
1067 628 1116 686 es,

67 706 161 772 potes
173 693 266 755 facile
279 695 409 756 induere
422 693 525 754 vultus
537 695 628 776 pueri
640 716 646 752 :
659 693 815 762 estndhuc
824 692 925 776 major
935 695 1069 758 facilitas
1081 699 1116 758 in

70 776 120 838 his
129 802 202 862 quae
210 796 397 864 sequuntur,
407 795 452 856 ut,
460 803 551 863 quum
559 794 584 841 te
591 780 668 842 Dido
673 826 683 854 ‚
693 796 749 843 etc.
758 783 905 844 Estenim
913 782 1003 845 facile
1010 789 1115 864 ignens

70 867 238 950 inspirare,
248 886 280 932 et
290 891 414 934 veneno
420 869 528 936 fallere
535 872 685 950 Reginam
693 869 880 932 laetissimam
891 875 972 934 iuter
981 893 1117 950 mensas,

69 955 156 1017 inter
169 961 261 1034 vina,
279 961 480 1042 accipientem
500 959 619 1039 gremio
639 957 841 1039 Cupidinem,
860 980 934 1020 curn
953 960 1115 1042 amplexu,

72 1061 147 1104 cum
160 1047 290 1122 osculis,
303 1045 415 1128 hisque
425 1045 615 1106 dulcissimis
626 1067 633 1104 ι
646 1042 754 1126 requies
763 1065 882 1120 mensae,
895 1045 948 1107 hic
958 1062 1030 1108 sunt
1039 1049 1117 1124 cibi,

72 1141 101 1188 et
112 1131 247 1210 fercula,
261 1155 327 1194 non
338 1140 469 1216 τράπεζαι.

111 1218 181 1300 689.
194 1222 240 1282 Ex
252 1221 493 1302 magnodecoro
506 1218 591 1280 filius
603 1217 685 1280 nihil
696 1220 865 1302 respondet
877 1223 984 1294 matri3
998 1221 1052 1283 sed
1066 1241 1117 1304 pa

73 1317 121 1364 ret
131 1311 384 1391 promptissime,
396 1307 466 1370 ideo
481 1308 609 1390 pandens
619 1334 628 1368 .·
639 1322 685 1370 est
694 1311 779 1370 enim
788 1308 855 1370 lraec
864 1324 940 1370 uota
950 1313 1117 1394 praeoipuoe

72 1393 275 1475 obedientiae,
288 1413 324 1460 ut
338 1420 411 1461 oum
423 1399 539 1480 gaudio
551 1419 670 1480 pareas.
689 1399 827 1480 Reliquit
837 1420 911 1460 vero
924 1401 1020 1460 Amor
1033 1421 1117 1481 gres·

72 1501 143 1546 sum
154 1489 310 1564 Deorum,
329 1503 359 1550 et
375 1491 471 1570 coepit
486 1491 531 1548 ire
547 1509 653 1569 gressu
667 1487 807 1550 mortalis
820 1491 929 1572 pueri:
945 1489 1023 1552 illud
1036 1511 1115 1573 proe·

73 1569 153 1636 clarc
171 1574 238 1636 alas
255 1579 349 1651 exuit3
367 1597 441 1636 nam
457 1574 677 1648 videlicet;hac
693 1589 769 1636 note
784 1577 916 1658 insignis
934 1575 994 1638 fuit
1012 1597 1117 1660 supra.

73 1661 178 1726 Venus
189 1667 276 1726 enim
286 1665 383 1727 affata
395 1679 456 1742 est,
467 1663 610 1748 aliperum
621 1665 770 1728 Amorem.
782 1661 869 1726 Alius
881 1665 962 1727 nihil
974 1669 1116 1749 cogitans

75 1747 205 1828 diceret,
217 1755 368 1816 Venerem
381 1751 551 1814 allocutam
563 1773 634 1814 curn
647 1751 827 1836 pharetrato
839 1755 968 1830 Amore,
978 1767 1008 1814 et
1019 1753 1118 1836 subji-

73 1855 151 1902 ceret
158 1841 238 1902 alas:
248 1844 315 1904 istae
323 1843 990 1925 minutulaeobservationesperducenttead
997 1845 1117 1926 poesin.
1132 1910 1135 1916 ,

110 1933 181 2011 691.
197 1933 302 1994 Venus
320 1953 351 1993 se
369 1934 476 1992 statim
494 1943 658 2013 comparat
677 1931 716 1992 ad
731 1949 877 2014 soporem
896 1934 1034 2008 Ascanii,
1053 1949 1117 2014 quo

74 2021 219 2096 tectiore,
240 2034 273 2082 et
296 2024 412 2082 tutiora
432 2023 495 2082 sint
516 2021 641 2082 omnia:
663 2021 803 2103 providit
823 2035 944 2097 autem,
964 2033 999 2082 ut
1019 2041 1118 2103 quum

72 2107 205 2170 Achates
220 2111 341 2184 veniret
358 2111 397 2171 ad
414 2131 521 2186 naves,
539 2107 606 2191 jam
626 2110 699 2170 inde
718 2111 1119 2184 amotus'essetdscanius,

72 2212 104 2259 et
115 2199 148 2258 in
163 2198 253 2260 illius
263 2200 370 2262 locum
383 2197 572 2262 substitutus
583 2199 707 2282 Cupido
718 2201 831 2280 :pouit
838 2196 1120 2280 placidamquietem

74 2296 285 2370 περιφραστικῶς,
298 2311 355 2373 pro
368 2311 498 2351 somno:
511 2310 581 2372 quoe
593 2301 766 2371 sequuntur
780 2290 824 2348 sic
838 2286 1011 2369 conjunge:
1030 2283 1122 2348 Tollit

74 2377 135 2436 Dea
143 2380 257 2459 premio
265 2399 322 2438 suo
331 2380 496 2438 Ascanium
497 2379 598 2462 fotum
604 2377 671 2458 jam
681 2378 783 2436 somni
793 2377 992 2457 irrigatione:
1004 2376 1126 2455 itaque,

75 2484 137 2526 non
145 2466 250 2548 fotum
260 2471 384 2549 qremr'o,
403 2465 454 2528 sed
473 2463 549 2528 tollit
562 2469 671 2550 premio
675 2465 795 2550 summ:
812 2464 884 2526 vide
895 2485 968 2526 vero
983 2467 1120 2524 maxima

74 2556 178 2616 somni
189 2556 399 2616 irritamenta:
411 2569 457 2615 est
464 2556 547 2614 euim
556 2554 702 2616 mollities
709 2555 858 2628 amaraoi,
866 2555 968 2614 suavis
979 2554 1120 2635 spiratio,

75 2641 184 2717 dores,
193 2641 306 2704 umbra
316 2666 323 2701 :
334 2642 405 2704 vide
416 2657 452 2704 ut
461 2643 521 2704 sibi
533 2641 734 2724 respoudeat;
742 2663 846 2723 pareres
854 2639 944 2712 dieto,
955 2642 1029 2721 quia
1039 2639 1121 2698 dixe-

76 2745 136 2805 rat,
150 2744 237 2812 peret
246 2731 439 2792 emordictis:
452 2727 566 2790 deiude
578 2728 787 2801 decadonem,
802 2729 876 2808 quia
889 2747 1001 2808 supra,
1011 2729 1119 2806 ipsum»
1157 2725 1160 2732 ’

74 2817 409 2900 queadmoenioducot.
646 2871 676 2890 ,.

114 2907 184 2987 697.
205 2907 311 2982 Quum
328 2907 413 2964 venit
430 2903 570 2986 Cupido,
586 2902 652 2982 jem
666 2903 784 2982 Regina
804 2898 844 2959 ad
862 2898 999 2958 convivii
1014 2896 1121 2956 locunt

76 3008 284 3077 processerat,
298 3007 363 3053 tota
377 3013 454 3052 auro
466 2991 641 3067 collucens,
655 2990 862 3070 occubuitque
875 2983 980 3047 medio
993 2982 1120 3045 inlecto

75 3097 248 3145 sustentata
263 3082 479 3144 anaclinterio.
564 3092 567 3104 '

112 3208 173 3261 686.
187 3207 290 3280 Reqalis
302 3208 369 3260 inter
383 3225 490 3262 metues.
504 3207 579 3278 Epiu-
623 3225 674 3279 pus
690 3207 776 3272 iacta,
788 3221 843 3256 nou
859 3200 966 3256 tabidas
982 3195 1121 3268 exigebat:

75 3289 116 3342 las
125 3291 385 3360 intemperantes,in
395 3289 491 3361 quibus
504 3289 579 3340 casti·
624 3304 687 3358 erpo
704 3304 732 3338 se
749 3283 899 3336 officiosum
913 3278 993 3330 matri
1005 3285 1122 3346 praestat.

77 3380 117 3422 tas
131 3379 260 3434 recesst,
277 3379 304 3419 et
319 3368 407 3420 facilis
422 3369 520 3420 amoris
532 3385 579 3420 oc·
624 3363 830 3420 Donat—Ales
838 3359 928 3412 Exuit.
940 3359 998 3408 Hoc
1010 3367 1065 3422 est,
1077 3354 1124 3408 de·

77 3447 492 3519 casim—laticemqueLyoeum.
500 3447 581 3498 latex
624 3447 723 3518 posuit.
743 3445 812 3494 Laus
833 3443 925 3511 ingens
948 3435 1057 3488 Asconii
1074 3453 1123 3506 per

79 3531 189 3600 proprie
202 3547 273 3600 aqua
283 3541 338 3596 est,
351 3528 385 3581 ab
397 3547 446 3596 eo,
456 3527 529 3600 quod
539 3529 580 3580 in·
625 3525 775 3578 transitum.
788 3517 942 3590 Siquidem,
957 3515 1005 3568 alis
1019 3526 1124 3569 tantum

77 3620 122 3660 tra
132 3622 210 3662 terrae
221 3627 303 3662 renas
319 3608 420 3662 lateat:
437 3608 484 3660 sed
501 3620 527 3660 et
538 3609 580 3660 ri·
624 3603 770 3674 depositis;
782 3599 911 3651 Ascanius
919 3596 980 3648 luit.
990 3596 1061 3648 Serv.

18 3697 22 3706 “
76 3705 141 3738 num
154 3689 221 3741 latet
231 3688 303 3740 intra
314 3687 495 3740 uramtunde
507 3705 578 3740 nune
617 3735 619 3742 ,
659 3684 719 3754 698.
730 3679 844 3754 Sponsa.
854 3679 917 3730 Erat
927 3675 1121 3743 lrsrc,reclina·

79 3765 146 3818 dixit
158 3767 271 3820 laticem.
285 3765 357 3819 Serv.
624 3765 739 3828 terium,
757 3778 811 3831 quo
834 3771 936 3812 veteres
958 3754 1125 3808 sustinebant

114 3847 176 3918 689.
184 3849 271 3900 Paret.
281 3849 342 3900 Non
351 3847 496 3919 respondet
503 3869 509 3899 :
516 3847 581 3918 quid
625 3841 740 3896 mediam
746 3851 849 3910 partem
857 3837 1021 3908 superiorem
1031 3849 1125 3923 corpo·

81 3927 151 3978 enim
163 3945 286 3997 personte
296 3929 404 3993 matris,
417 3925 459 3978 vel
471 3927 581 3978 maxime
626 3923 661 3972 ris
680 3921 707 3972 in
728 3918 852 3971 aceubitu
868 3915 918 3986 (ex
932 3916 1003 3966 Nota
1018 3909 1125 3978 Ursiur.)

82 4005 271 4074 indicasse,
283 4004 582 4078 responderetsettem·
627 4002 662 4056 ab
682 4000 824 4073 spartiano
849 3992 1067 4076 anaclinterium,
1090 3986 1123 4039 ab
