2670 4596
220 315 310 415 xxxij¹
496 321 560 386 DE
583 315 816 385 CARMINE
840 317 993 386 ortuo

219 468 428 549 temporum
441 465 578 536 tomen,
591 448 758 519 locorum
772 435 1003 546 plerumque,
1017 463 1052 520 et
1063 451 1263 520 nominum

221 566 419 640 illustrium
445 569 655 656 auctoritate
680 562 820 635 fabulas
846 589 927 634 suas
952 563 1262 635 commendarent.

219 679 327 751 Unde
333 681 464 751 ¹merito
475 677 700 777 collegerim,
719 669 858 775 epicam
871 703 1015 748 musam
1028 681 1173 776 tragicae
1183 702 1263 774 cog·

220 811 344 866 natam
364 793 545 865 discedere
563 792 712 890 quidem
728 817 831 889 posse
847 790 893 862 ab
911 790 1072 863 histo'riae
1089 795 1264 890 vestigiis,

221 909 282 980 sed
292 934 368 980 non
378 905 965 1005 omninosecederc.Nequevideo,
974 906 1266 1004 quidHomerus,

221 1023 412 1122 Virgilius,
427 1021 582 1108 Tassus,
604 1020 807 1092 felicissima
827 1019 889 1091 illa
910 1025 1073 1120 ingenia,
1094 1035 1268 1117 praestan-

222 1141 292 1208 tius
309 1139 531 1234 argumentis
549 1133 622 1206 suis
642 1138 910 1232 excogitassent.
935 1136 1009 1226 Qui
1028 1159 1113 1204 vero
1135 1157 1266 1204 eorum

222 1254 369 1348 vestigia
378 1248 502 1320 volent
510 1245 738 1347 legere,'quid
747 1247 877 1319 melius
885 1273 996 1346 quam
1007 1264 1070 1317 aut
1078 1245 1266 1317 liberatam

222 1360 427 1452 Graeciam,
443 1379 507 1434 aut
524 1361 719 1433 Alexandri
736 1360 962 1459 triumphos,
985 1377 1048 1432 aut
1061 1363 1267 1432 Americam

221 1481 426 1565 inventam,
444 1495 508 1548 aut
522 1475 661 1576 aliquid
676 1475 793 1548 simile
806 1477 1018 1574 decerptum
1034 1503 1074 1547 ex
1089 1473 1267 1564 historiis,

222 1595 358 1690 ingenii
382 1617 469 1663 cura
492 1589 679 1663 excolent?
701 1591 758 1661 An
782 1591 957 1690 superbos
974 1589 1119 1689 juvabit
1142 1577 1268 1661 omnia

224 1733 266 1777 ex
276 1731 311 1776 sc
320 1706 550 1804 depromere,
564 1699 724 1804 majora,
740 1704 867 1793 credo,
883 1703 1086 1803 spectacula
1094 1708 1133 1775 in
1145 1703 1268 1776 lucem

227 1819 395 1907 daturos,
419 1846 531 1917 quam
555 1819 748 1891 debellatas
770 1819 816 1891 ad
832 1819 964 1890 Arbela
983 1823 1092 1889 totius
1109 1821 1269 1890 Orientis

225 1935 342 2022 vires,
353 1941 421 2004 'aut
439 1931 646 2033 surgentem
663 1961 705 2006 ex
722 1959 877 2023 oceano,
893 1938 931 2004 in
949 1949 1146 2031 conspectu
1169 1938 1270 2005 navis

226 2049 435 2120 inauditum
447 2047 589 2120 facinus
601 2039 953 2148 ausae,'desperat'am
965 2075 1078 2147 prope
1089 2047 1269 2134 insulam,
1304 2081 1310 2088 ·

224 2163 369 2235 alterius
383 2162 516 2233 mundi
536 2162 778 2234 vestibulum?
794 2162 967 2234 Miltiadis
983 2169 1090 2250 vcro,
1111 2162 1270 2234 Alexan·
1327 2239 1328 2248 χ

224 2277 298 2365 dri,
321 2292 383 2348 aut
399 2274 573 2346 Columbi
592 2277 801 2376 ingentibus
820 2281 969 2365 animis,
991 2301 1081 2374 quas
1095 2293 1270 2374 praestan·

225 2398 331 2464 tiores
347 2391 564 2463 substituent
580 2398 792 2464 animorum
808 2391 977 2464 naturas?
1298 2382 1300 2390 '

272 2509 384 2604 Atqui
399 2493 536 2604 poesim
552 2506 702 2578 historia
716 2510 868 2595 comite,
886 2532 961 2578 non
979 2507 1132 2578 domina
1146 2511 1202 2578 uti
1217 2533 1271 2579 ve·

224 2622 290 2693 lim
302 2649 310 2691 ι
326 2619 521 2718 paululum
532 2620 628 2692 istud
640 2620 823 2718 obsequii,
836 2645 968 2719 magna
982 2635 1153 2691 caeterum
1166 2619 1271 2691 licen-

226 2743 274 2810 tio
293 2736 565 2834 compensabit:
600 2754 784 2834 acceptam
805 2741 992 2808 materiam
1015 2737 1151 2835 quibus
1175 2738 1272 2810 volet

225 2851 387 2949 partibus
397 2850 578 2939 exte'ndet3
593 2866 809 2922 ornamenta
820 2875 926 2948 penes
937 2855 1052 2947 ipsam
1063 2867 1193 2940 erunt;
1211 2877 1271 2922 na-

226 2967 324 3036 tura's
338 2963 533 3034 delineabit
546 2991 676 3054 novas3
690 2963 882 3064 ¹praeclaras
897 2971 1102 3038 occasiones
1114 2993 1270 3065 compo·

226 3097 309 3166 net3
337 3076 487 3150 affectus
518 3085 693 3176 exprimet
717 3081 957 3152 vividisslmos
970 3135 980 3169 ,
1011 3081 1271 3180 descriptiones

223 3196 323 3294 larga
346 3219 461 3266 mauu
488 3193 673 3280 offundam
707 3197 866 3294 denique
891 3201 931 3266 in
960 3201 1040 3295 ipso
1070 3197 1270 3295 eloquendi

225 3337 370 3410 genere,
397 3304 562 3382 felicibus
586 3309 783 3405 verborum
805 3311 989 3409 juncturis
1011 3326 1045 3380 et
1063 3308 1271 3409 figurarum

225 3423 392 3510 audacia,
423 3440 605 3522 quantum
635 3427 746 3520 possit
770 3423 943 3495 ostendet.
977 3425 1144 3514 Summi,
1176 3411 1270 3524 lpuos

224 3537 420 3610 imitandos
437 3533 716 3638 proposuerim,
730 3555 913 3630 auctores,
935 3539 1130 3612 lectoribus
1144 3567 1270 3613 rerum

226 3645 402 3724 memoria
414 3650 530 3747 plenis
545 3653 700 3725 scribere
715 3679 752 3725 se
767 3679 885 3752 quum
903 3653 1163 3752 intelligerent,
1179 3653 1272 3726 effe·

226 3781 357 3840 cerunt
379 3791 427 3836 ne
451 3770 598 3862 optimae
618 3772 775 3838 materiae
797 3767 944 3840 artificis
964 3793 1095 3839 manus
1117 3767 1272 3860 deesset,

225 3878 499 3975 hominumque
517 3887 836 3978 exspectationem,
862 3909 975 3980 quam
997 3897 1177 3954 noverant
1197 3911 1274 3955 esse

225 3996 441 4084 maximam,
458 3993 548 4065 adeo
561 4019 639 4068 nou
657 4013 745 4067 sunt
759 3990 943 4088 frustrati,
964 4011 1004 4066 ut
1017 3995 1095 4093 jam
1109 4021 1153 4068 ex
1168 3999 1274 4094 ipso-
