2676 4602
334 277 386 340 lit
409 273 644 340 AEN'EIDOS
668 277 764 342 LIBs
785 279 825 340 V.
1036 275 1097 342 313

97 398 169 478 443.
187 397 300 477 Omnia
320 399 440 478 signate
459 418 494 455 ex
509 395 654 478 pugilum
668 399 853 458 certamine:
875 417 949 458 nam
963 401 1037 473 ista,
1051 389 1100 458 'os-

57 491 167 561 tendit,
181 487 342 568 insniqens,
355 483 413 545 alte
426 483 543 560 extulit,
559 484 699 545 indicant
709 485 889 566 jactantiam
902 487 1100 548 athleticam:

56 601 117 638 nec
131 579 236 637 minus
251 576 372 636 Daretis
386 575 488 633 cautio
509 586 605 636 artem
617 577 861 656 gymnasticam‚
880 578 1052 658 prasertim
1066 577 1100 632 in

57 666 124 724 illis
136 664 279 746 pandidit,
294 661 422 744 elapsus,
439 665 536 722 cessit.-
555 677 708 742 quantum
720 665 804 722 enim
815 665 955 724 Entellus
967 675 1101 724 ostenta·
1184 721 1186 726 .

57 753 203 827 bundas,
218 766 340 812 tantum
352 751 446 810 Dares
457 751 660 812 vitabundus.

100 839 170 916 446.
189 839 339 900 Elabente
358 839 474 918 quippe
495 841 625 914 Darete,
644 853 679 898 ut
700 853 767 898 erat
786 840 998 899 velocissimus
1012 852 1100 898 motu

59 929 204 1010 pedum,
217 927 333 985 factum
352 938 387 984 ut
398 925 539 986 Entellus
555 929 690 987 inaniter
706 930 787 986 vires
802 942 909 986 omnes
923 930 957 987 in
973 939 1101 987 ventum

58 1015 245 1086 effunderet,
255 1027 358 1095 atque,
371 1027 406 1072 ut
416 1016 601 1093 eratgravis,
611 1015 1004 1096 concideretgraviterprae
1013 1026 1100 1072 vasto
1134 1029 1135 1032 ’

57 1103 209 1186 pondere.
228 1103 281 1161 Est
296 1099 371 1161 niun
382 1121 440 1161 suo
455 1117 552 1176 nutu,
570 1117 601 1162 et
615 1102 795 1184 impellente
807 1104 941 1163 nemine.
958 1101 1108 1182 Sequitur,

57 1193 273 1274 comparatio,
287 1191 342 1249 ubi
355 1192 504 1271 praeclare
516 1194 611 1274 pinus
623 1191 737 1252 dicitur
748 1213 834 1264 cava,
850 1192 883 1250 id
896 1205 958 1264 est,
972 1191 1101 1263 vitiosa,

58 1301 134 1340 cum
149 1277 303 1338 allusione
323 1277 362 1336 ad
382 1277 512 1338 senilem
527 1278 786 1340 aetatem'Entelli.
806 1281 861 1339 Est
874 1275 1100 1360 Erymanthus,

57 1387 153 1428 mons
164 1366 316 1440 Arcadia,
331 1365 384 1424 lda
399 1366 509 1446 Trojae.

98 1456 168 1530 450.
185 1454 298 1512 Omnia
313 1475 349 1514 ex
366 1453 488 1514 decoro.
502 1457 653 1516 durentus
666 1456 833 1518 clamorem
851 1455 929 1530 edit,
949 1467 978 1513 et
989 1454 1101 1512 excitat

58 1545 220 1626 crepitus:
246 1563 335 1603 senex
357 1557 475 1604 exercet
500 1545 745 1606 misericordiam
764 1566 836 1604 cum
854 1565 944 1604 sene:
970 1553 1100 1623 apparet

57 1631 153 1693 simul
176 1631 312 1692 studium
333 1629 556 1713 Trojanorum,
582 1648 612 1694 et
632 1633 823 1709 Siculorum,
843 1635 924 1714 ‘quia
942 1630 1099 1692 certabant

56 1722 231 1801 Trojanus,
241 1727 275 1780 'et
287 1721 424 1795 Siculus;
438 1737 469 1782 et
482 1743 612 1805 quaeque
624 1744 699 1804 gens
713 1743 769 1782 suo
781 1723 912 1782 favebat.

97 1809 168 1886 453.
190 1811 388 1890 Respondent
405 1812 465 1869 sibi
485 1811 519 1870 hi
540 1813 603 1872 duo
623 1832 739 1872 versus.
756 1813 848 1872 Redit
866 1811 965 1871 acrior
984 1805 1022 1866 ad
1042 1825 1099 1886 pu-

56 1920 171 1981 gnam,
184 1919 247 1957 non
259 1898 397 1958 tardatus
408 1920 483 1976 casu
493 1925 500 1972 ;
511 1903 637 1962 suscitat
646 1904 709 1960 vim
720 1903 781 1960 ira:
799 1921 863 1961 non
872 1901 1013 1969 territus;
1024 1892 1098 1952 nam

56 1991 112 2069 qui
133 2008 204 2047 acer
218 2003 280 2062 est,
302 2007 339 2048 eo
354 1989 421 2070 ipso
436 2004 619 2072 promptus:
642 1991 695 2072 qui
709 1991 824 2066 iratus,
844 2011 881 2051 eo
900 1990 969 2070 ipso
983 1984 1100 2064 absque

58 2092 158 2136 metu.
201 2112 209 2120 ν
240 2090 246 2103 ’
319 2103 327 2116 ·
487 2101 490 2106 ·
1054 2091 1057 2096 ’

98 2163 167 2240 455.
189 2165 294 2241 Quum
310 2187 432 2247 semper
447 2168 550 2249 pudor
565 2167 773 2230 rubicundum
793 2165 943 2247 quiddam
961 2175 991 2221 et
1009 2159 1097 2218 flam-

58 2276 166 2316 meum
178 2255 217 2315 ad
229 2255 340 2316 faciem
352 2256 512 2332 extrahat,
527 2257 697 2337 reddatque
707 2255 829 2316 vultum
841 2259 1001 2335 ἐρυθριῶντα,
1017 2259 1098 2308 recte

56 2359 149 2429 poeta
163 2347 259 2428 pudor
271 2345 397 2406 incendit
401 2370 412 2419 ,·
425 2359 455 2405 et
468 2349 542 2428 quia
555 2346 682 2406 incendit
686 2391 695 2419 ,
712 2347 782 2406 ideo
796 2356 904 2426 postea
917 2341 1028 2402 ardens.
1058 2357 1060 2363 “
1140 2381 1142 2389 ι

96 2431 165 2514 457.
181 2431 260 2492 Vide
272 2452 344 2492 vero
357 2453 396 2491 an
412 2431 508 2492 ullam
523 2435 620 2514 possis
633 2433 856 2516 hypotyposim
868 2452 941 2492 cum
955 2431 1012 2488 ista
1025 2445 1098 2486 con-

57 2519 161 2580 ferre?
180 2521 250 2579 Non
265 2520 384 2599 grando
397 2521 463 2602 ipsa
476 2522 613 2582 crebrius
624 2523 775 2603 crepitat:
793 2517 899 2582 dertra
915 2521 994 2580 ictus
1008 2517 1095 2593 inge·

57 2610 177 2681 minat3
189 2607 316 2668 sinistra
328 2609 500 2690 ingeminat
511 2634 518 2685 ;
533 2610 621 2670 nulla
633 2625 678 2670 est
688 2631 792 2682 mora3
807 2606 894 2668 nulla
906 2621 950 2665 est
962 2603 1098 2682 requies3

57 2696 148 2756 densi
160 2708 233 2756 sunt
245 2697 340 2772 ictus;
354 2699 449 2758 miser
459 2701 554 2759 Dares
565 2700 685 2778 agitur,
698 2698 927 2778 praecipitatur,
939 2690 1098 2774 pulsatur,

56 2799 206 2846 versatur.
224 2787 399 2847 desumitur
412 2790 517 2847 omnis
534 2787 725 2867 comparatio
741 2783 780 2844 ad
795 2781 999 2844 attollendam
1015 2795 1097 2847 rem,

57 2889 95 2934 ut
104 2875 256 2954 superior.
274 2877 367 2956 Atqui
381 2855 543 2948 hocloco,
563 2873 678 2934 Entelli
695 2873 938 2955 praecipitantia,
957 2881 987 2927 et
998 2863 1098 2924 crebri

59 2963 159 3034 ictus,
179 2961 326 3021 videntur
346 2983 493 3044 superare
508 2965 712 3044 crepitantem
727 2963 988 3039 insonantemque
1008 2971 1099 3033 grau·

58 3049 168 3107 dinem
184 3049 217 3107 in
232 3047 429 3112 culminibus.
452 3051 536 3112 Adeo
556 3071 687 3133 magnus
704 3063 748 3110 est
761 3062 854 3132 poeta
866 3043 1029 3126 Virgilius,
1052 3037 1099 3096 di·

57 3138 242 3218 gnissimus,
256 3159 347 3218 quern
360 3153 427 3200 tota
438 3143 604 3222 posteritas
621 3139 806 3214 admiretur,
825 3138 873 3198 cui
892 3155 924 3194 se
936 3130 1100 3192 submittat

58 3229 240 3287 Grtecorum
252 3225 360 3289 fastus.
373 3233 517 3290 Extrema
533 3231 577 3290 sic
589 3227 761 3310 conjunge:
774 3225 870 3287 creber
879 3227 969 3282 mann
979 3231 1099 3298 utraque

57 3313 159 3396 pulsat
168 3329 313 3396 versatque
324 3318 417 3378 densis
429 3313 548 3382 ictibus:
564 3340 645 3393 non,
658 3315 853 3397 puisatmanu
864 3313 991 3392 utruque.
1051 3325 1063 3332 ·’

100 3401 170 3478 461.
183 3405 307 3466 Dicitur
315 3406 367 3468 hic
377 3411 484 3470 AEneas
492 3423 613 3491 pateret
624 3407 755 3482 affectu,
770 3421 801 3465 et
815 3403 1013 3464 auctoritate:
1026 3415 1099 3454 nam

96 3581 158 3647 443.
175 3582 291 3634 Ostendit
298 3583 483 3640 dextram.Aut
492 3587 559 3640 fidu·
604 3588 688 3638 ricum
700 3597 739 3636 est
751 3584 814 3634 :Ira
830 3597 870 3630 cos
881 3573 1053 3649 fortitudinis,
1064 3601 1100 3611 -

60 3663 104 3712 cia
124 3662 228 3712 virtutis
250 3673 307 3726 est,
328 3663 467 3718 ostendere
487 3666 561 3737 quod
604 3667 700 3720 Pudor.
721 3665 767 3714 Est
787 3663 831 3713 hic
850 3675 959 3730 magnus
978 3653 1098 3708 stimulus

57 3741 186 3793 minaris:
200 3753 245 3794 aut
257 3754 328 3794 certe
342 3757 486 3812 proventus
498 3758 559 3796 aeta-
605 3745 639 3800 ad
647 3746 715 3795 vires
722 3737 931 3812 recuperandas,
939 3749 965 3787 et
972 3735 1099 3804 languen-

59 3823 94 3873 tis
110 3821 273 3887 ostenditur,
286 3825 332 3893 qui
344 3841 405 3874 eum
419 3841 451 3875 ex
462 3825 560 3895 impro·
603 3837 656 3878 tem
678 3823 794 3874 animum
813 3814 987 3872 excitandum.
1009 3813 1098 3863 Livius

58 3903 118 3953 viso
131 3901 210 3962 ferire
223 3919 277 3953 non
288 3903 359 3954 sinit.
374 3903 442 3954 Serv.
604 3903 650 3954 lib.
658 3902 694 3966 11,
704 3900 750 3952 lib.
758 3901 808 3964 111,
820 3898 866 3949 lib.
874 3896 934 3958 Vll,
945 3906 971 3944 et
978 3893 1095 3964 passim,

95 3981 158 4048 454.
177 3981 238 4038 Vim
251 3981 354 4036 suscitat
368 3981 414 4034 ira.
430 3980 561 4054 Pythago·
605 3981 675 4034 idem
688 3983 730 4054 ait¹
737 3979 769 4032 de
782 3981 820 4032 ira
832 3983 858 4030 ‘et
869 3974 983 4048 pudore.
