2646 4606
214 283 277 352 382
540 279 925 347 COMMENTARIA

213 407 363 492 inferum,
380 403 412 466 id
424 415 485 478 est,
497 399 698 478 umbrosum,
712 403 766 464 ubi
781 405 902 484 primus
915 402 1029 485 conjux
1043 405 1186 468 Siclraem
1198 427 1256 468 ras.

211 497 354 582 pondeus
368 494 453 556 illius
465 495 564 569 curis,
576 507 681 574 aequat
692 490 759 574 ejus
771 513 903 554 amores.
918 496 955 554 lu
967 493 1099 556 vecibus
1111 497 1256 578 cunjtmt·

211 590 253 648 tis
271 588 391 646 inimica
410 584 528 667 refuqit,
546 603 612 642 esse
629 596 733 663 potest
751 581 862 642 notula
879 603 944 642 nou
964 585 1104 664 ingrata,
1127 605 1200 668 quse
1216 599 1256 646 est

212 675 456 746 inimicuAEneae,
466 668 618 754 mjuqitad
628 668 811 750 coniugium
821 668 949 734 Sichai:
959 669 1088 747 deinde,
1103 675 1174 754 ipsa
1183 671 1257 734 nilail

210 763 405 844 respondeus
418 759 537 834 AEnsoe,
558 759 584 816 it
595 756 634 818 ad
647 755 1057 839 Sichtersmrespoudeatem
1069 758 1144 820 sibi.

254 860 324 944 [075.
347 857 436 918 Facit
455 858 584 916 AEneam
603 874 698 914 suum
719 867 812 936 poeta
834 869 1029 914 commotum
1048 854 1259 938 affectumque

211 950 323 1014 alienis
334 948 486 1019 miseriis3
500 965 573 1004 nam
586 945 613 1002 is
626 959 673 1006 cst
684 945 803 1025 primus
818 942 908 1004 limes
923 946 1061 1026 pietatis.
1078 945 1153 1006 lam
1167 943 1260 1008 nerba-

212 1055 274 1103 tum
286 1036 396 1110 infert;
412 1034 477 1117 jam
489 1029 666 1114 perculsum,
687 1047 723 1091 ut
735 1031 796 1092 hoc
812 1033 882 1092 loco
895 1054 977 1114 saepe
988 1038 1132 1116 qemitam
1142 1036 1216 1110 dat,
1234 1049 1261 1094 et

211 1131 298 1192 hunc
310 1128 350 1188 ab
364 1131 422 1186 imo
437 1137 569 1207 pectore:
587 1137 745 1204 postremo
763 1124 858 1182 etiam
874 1122 1040 1206 lacrymas,
1057 1138 1096 1184 ut
1103 1123 1217 1186 multis
1231 1127 1261 1183 in

210 1221 298 1284 locis
312 1217 380 1278 Flet
389 1216 473 1276 enirn
483 1211 684 1285 Palinurum,
694 1209 867 1270 Pallantem
876 1255 885 1284 ,
895 1213 982 1272 circs
991 1231 1083 1287 suas,
1098 1211 1262 1273 discedens

210 1333 228 1372 e
240 1307 363 1370 Sicilia:
379 1301 436 1364 ubi
448 1318 523 1360 vero
535 1299 622 1381 apud
632 1297 750 1358 iuferoe
762 1299 811 1358 sui
822 1315 917 1358 cauae
931 1301 1125 1360 exstinctam
1137 1301 1264 1361 tescieit

212 1395 385 1467 Didonem,
406 1389 559 1470 lacrymas
574 1384 691 1446 fundit.
712 1385 799 1461 Quin
815 1388 911 1446 etiam
928 1387 1064 1449 abeunte
1078 1387 1152 1464 illa,
1174 1403 1265 1470 atque

212 1497 388 1557 aversante,
407 1500 472 1540 non
489 1475 593 1537 tulum
609 1475 816 1555 lacrymatur,
840 1475 895 1538 sed
917 1490 948 1537 et
968 1481 1180 1559 prosequitur
1197 1497 1265 1538 eam

211 1591 243 1638 ct
254 1575 365 1656 longe,
380 1585 412 1632 et
426 1571 602 1630 miseratur.
617 1556 666 1625 sic
678 1561 776 1625 lerme
786 1563 939 1646 Scaliger,
953 1567 1039 1627 Poet.
1052 1566 1110 1627 nb.
1123 1567 1185 1643 lll,
1197 1587 1265 1648 cap.

215 1687 260 1726 ta.
275 1667 382 1744 Neque
394 1677 468 1719 vero
480 1669 567 1716 caret
578 1653 701 1736 lepore,
712 1657 841 1716 AEnearu
855 1657 980 1737 percuti
992 1675 1062 1717 casu
1074 1659 1183 1739 iniqua
1196 1676 1266 1738 erga

211 1750 317 1824 illam,
333 1768 403 1830 qua
415 1744 511 1804 habet
522 1741 635 1816 alium,
650 1743 706 1823 qui
718 1756 816 1824 aqum
826 1743 895 1822 ejus
909 1763 1061 1804 amoram.
1137 1783 1139 1787 -

250 1846 319 1928 477.
334 1843 482 1909 attribuit
492 1839 644 1920 quintum
654 1853 684 1898 et
695 1839 844 1902 ulumum
857 1841 1013 1902 circulum
1025 1843 1103 1902 viris
1113 1841 1267 1918 fortibus,

212 1948 243 1994 et
252 1931 338 1992 bello
350 1929 451 1990 claris.
467 1928 549 2006 Ergo
560 1924 702 2006 molitur(
709 1930 800 2009 quasi
813 1947 936 2010 semper
947 1951 1005 2012 per
1015 1951 1117 1990 noras
1130 1929 1268 1990 difficul-

211 2037 287 2085 tates
304 2023 476 2102 irrttmpat)
492 2018 548 2077 iter
557 2015 658 2076 damin
674 2015 814 2078 fatorum
826 2021 1018 2102 praecripto.
1034 2021 1120 2081 Nota
1131 2022 1266 2080 varieta-

211 2129 274 2176 tem
284 2127 402 2196 poete,
417 2106 593 2172 condientis
603 2109 711 2166 omnia
721 2107 761 2167 ad
774 2125 901 2190 gustum
914 2132 921 2169 :
938 2109 978 2170 ab
990 2109 1070 2186 illis,
1083 2111 1140 2193 qui
1153 2108 1267 2170 molles

211 2205 245 2263 in
258 2200 412 2276 amanda,
427 2198 539 2258 transit
551 2193 592 2255 ab
605 2193 773 2258 bellicosos
786 2212 817 2258 et
827 2197 944 2260 fortes:
959 2217 1030 2282 quae
1040 2217 1109 2274 res,
1125 2213 1162 2260 ut
1173 2199 1268 2280 longe

211 2294 294 2353 inter
305 2313 337 2352 se
351 2293 487 2363 distant,
503 2289 547 2348 ita
559 2288 659 2368 magis
671 2286 823 2348 lectorem
834 2285 988 2350 afficiunt.

250 2387 319 2470 479.
335 2388 445 2446 Priore
455 2383 525 2444 loco
538 2399 685 2444 numerat
697 2385 836 2462 Graecos,
856 2408 936 2468 quos
947 2386 1044 2448 vidit:
1065 2386 1101 2447 hi
1118 2402 1197 2448 sunt
1206 2387 1267 2470 Ty·

211 2476 301 2546 deus,
317 2472 579 2552 parthenopeus,
593 2470 756 2532 Adrastus.
771 2473 913 2533 Primum
925 2475 991 2536 sine
1003 2474 1109 2558 elogio
1122 2474 1269 2550 adducit,

211 2579 247 2624 ut
260 2565 338 2624 satis·
346 2561 534 2636 claritudine
546 2579 602 2619 sua
614 2575 746 2636 uotum;
760 2559 822 2622 fuit
834 2565 918 2622 enim
930 2579 1021 2646 pater
1029 2562 1207 2624 Diomedis.
1220 2564 1269 2624 Sc-

210 2653 367 2726 cundum,
386 2665 418 2710 ct
430 2651 559 2709 tertium
571 2648 683 2708 condit
697 2649 799 2709 solida
812 2653 979 2726 varietate,
999 2667 1035 2712 ut
1052 2665 1087 2712 tu
1104 2650 1268 2728 alliciaris,

212 2761 310 2826 quum
324 2742 366 2801 de
379 2759 442 2800 uno
455 2737 533 2819 legis
547 2756 709 2797 armorum
725 2737 882 2820 elogium3
895 2738 937 2800 de
947 2739 1011 2800 allo
1023 2737 1199 2824 pallorem,
1213 2742 1269 2824 qui

213 2853 317 2893 comcs
330 2850 451 2912 semper
463 2827 654 2888 timiditatis.

251 2933 321 3009 481.
331 2931 522 3005 Posteriora,
533 2929 702 3010 Trojanos,
718 2929 771 2988 uhi
782 2947 915 3010 magnus
926 2927 1076 3005 affectus,
1090 2943 1129 2990 ut
1137 2950 1198 3012 par
1207 2943 1268 3006 est,

212 3043 286 3085 cum
298 3023 382 3082 notis
394 3034 425 3080 et
436 3021 557 3078 amicis.
573 3019 670 3078 Erant
683 3019 788 3100 itaque
802 3017 856 3078 hic
868 3019 1049 3080 Dardanide
1063 3016 1193 3080 multum
1201 3019 1268 3100 jam

203 3113 286 3197 βοῆς
297 3108 409 3171 alludit
417 3111 535 3191 quippe
544 3105 581 3166 ad
592 3120 790 3168 mortuorum
801 3107 954 3190 lacrymas
965 3121 998 3167 et
1007 3107 1265 3169 lamentationes:

211 3200 314 3284 etfleti
327 3199 453 3280 quidem
470 3195 510 3254 ad
519 3215 649 3276 superos,
669 3195 702 3256 id
715 3211 761 3256 est
777 3199 880 3272 vivos,
896 3197 951 3278 qui
967 3198 1208 3279 comparatione
1220 3199 1266 3256 in·

212 3288 351 3349 ferorum
363 3287 459 3369 superi
470 3297 554 3345 sunt.
574 3283 731 3343 Dicuntur
744 3283 777 3344 hi
792 3283 866 3344 bello
878 3283 996 3358 caduci,
1018 3299 1052 3344 ut
1069 3286 1125 3366 qui
1143 3286 1178 3343 in
1190 3287 1266 3344 Tro·

211 3367 285 3457 janu
300 3375 385 3437 bello
402 3372 588 3436 ceciderint:
604 3370 663 3432 hos
680 3371 730 3433 ille
740 3395 860 3433 cameris
875 3371 962 3454 lonpo
975 3373 1090 3446 ordine,
1114 3376 1265 3455 inperauit.

213 3465 295 3523 Nota
305 3463 452 3522 affectum
465 3485 471 3520 :
485 3461 561 3520 visis
571 3457 706 3520 ducibus
718 3463 866 3542 ingemit,
879 3463 934 3542 qui
949 3482 1052 3542 nuper
1063 3462 1133 3520 visa
1142 3461 1266 3521 Didone

214 3549 457 3613 lacrimabatur:
472 3552 577 3611 omnia
590 3569 626 3608 ex
637 3547 762 3610 decoro·
775 3547 911 3611 Adhibet
922 3571 995 3608 mox
1006 3551 1189 3630 catalogum
1202 3551 1267 3610 illo-

214 3657 302 3710 rum,
316 3658 396 3717 quos
406 3637 531 3697 viderit.
546 3637 680 3712 Omnes,
695 3639 812 3720 quippe
822 3640 891 3697 noti
901 3639 1019 3712 AEneae,
1037 3637 1131 3696 illum
1146 3641 1266 3698 circum·

214 3722 400 3784 stantdcxtra
413 3721 556 3808 &anaqam
571 3725 641 3784 vide
653 3725 793 3786 studium
809 3729 1078 3786 concurrentium.
1089 3729 1155 3788 Nec
1167 3725 1266 3788 vidisse

213 3811 301 3872 semel
311 3814 379 3871 satis
388 3826 446 3885 cst,·
458 3816 580 3894 egregie
591 3835 627 3873 ex
639 3815 789 3876 aviditate
801 3815 1093 3897 paeneinsatialiili,
1110 3837 1175 3896 qua
1188 3837 1266 3878 mor·

214 3900 261 3958 tui
274 3899 382 3956 vivum
393 3895 556 3960 homi-nem
568 3901 725 3964 videbant.
739 3905 846 3986 Neque
858 3904 919 3966 hnc
931 3905 1024 3981 satis,
1040 3901 1212 3986 namjuvat
1223 3925 1267 3963 us·

214 4008 283 4068 que,
295 3988 306 4064 (
316 3985 350 4046 id
358 3997 418 4059 est,
427 3986 585 4068 multius)
598 3995 721 4071 mermi,
736 3993 869 4072 scilicet,
879 3993 929 4056 vel
940 3996 1059 4088 marari
1069 3995 1103 4054 iu
1114 3991 1265 4054 intuendo
