2646 4606
230 339 296 422 136
558 319 941 392 COMMENTARIA

270 459 336 520 225.
349 457 391 516 112
402 465 521 536 quarst
533 451 663 510 Latinus
678 466 785 508 causas
796 443 940 526 hospitii,
954 437 1070 521 repetit
1082 454 1156 518 quae
1169 433 1211 496 212
1223 433 1277 494 Aa·

224 547 334 610 runcis
358 542 482 604 senibus
499 538 613 620 jactari
636 535 767 608 sciebat}
790 532 937 594 videlicet
957 527 1146 614 Dardanum
1172 537 1276 582 natum
1314 585 1315 596 ἶ

224 635 325 696 luisse
339 635 372 692 in
384 630 490 704 ltalia,
503 641 534 688 et
547 624 621 686 inde
630 625 791 706 navigasse
806 621 845 681 ad
857 617 1042 701 Phrygiam,
1055 628 1088 674 et
1101 612 1144 672 ad
1157 614 1276 675 Samon.
1314 613 1315 624 ¹

269 741 337 801 ²⁰9·
351 720 489 780 Maxima
501 714 642 776 Dardani
653 709 901 783 commendatio,
913 721 944 768 22
953 725 1024 788 quae
1033 714 1102 762 tota
1114 703 1150 760 in
1158 699 1277 796 ltaliam

223 810 482 882 uedundat3nam
490 802 765 886 quiprofectusest
773 800 812 859 ab
820 795 959 880 Corytho
967 797 1213 864 Hetruscorum,
1219 806 1277 868 Jam

222 899 307 962 caelo
321 899 453 973 fruitur,
468 913 584 974 augens
598 893 751 952 Divorum
764 909 940 950 numerum.

270 988 338 1048 213.
358 985 472 1066 Incipit
486 982 622 1042 Ilioneus
642 1001 660 1038 a
680 976 950 1039 commendatione
962 971 1087 1044 Latini,
1106 967 1244 1027 laudans
1262 983 1278 1020 2
1314 1045 1315 1060 ,

229 1090 317 1162 patre
329 1078 448 1136 Fauno.
467 1073 598 1132 Latinus
616 1071 794 1152 quaesierat,
815 1087 855 1126 an
873 1062 995 1145 decepti
1016 1061 1144 1119 viarum
1163 1073 1276 1155 errore,

231 1189 272 1228 an
282 1167 379 1226 coacti
388 1156 835 1245 tempestatibusilluc'l'rojani
845 1154 1054 1237 appulissent:
1064 1159 1232 1218 neutrum,
1242 1152 1278 1244 222

226 1256 380 1328 1112222222
401 1273 504 1333 neque
524 1252 608 1310 enim
625 1261 796 1330 tempestas
813 1265 872 1306 2222
895 1243 1012 1324 coegit,
1035 1257 1140 1320 neque
1160 1235 1277 1314 decepit

230 1347 355 1404 uiarum
368 1363 464 1404 error.
734 1351 738 1362 ’

270 1435 338 1494 226.
355 1429 541 1514 Appulimus
553 1427 616 1488 huc
628 1427 741 1486 nostris
752 1427 879 1499 animis3
894 1437 948 1483 tua
958 1419 1024 1482 hac
1033 1437 1132 1499 regna
1141 1412 1277 1474 volentes

229 1523 415 1605 petivimus,
427 1520 544 1580 22222212
555 1514 673 1598 expulsi
682 1527 771 1596 ,quae
786 1512 862 1574 olim
876 1510 1115 1582 florentissima,
1129 1517 1226 1584 atque
1239 1501 1278 1558 ita

231 1631 362 1692 magna,
372 1623 409 1670 ut
420 1610 526 1668 statim
538 1607 590 1668 Sol
604 1607 707 1690 primo
720 1606 788 1687 ipso
804 1617 874 1664 ortu
889 1601 942 1661 illa
956 1602 1145 1658 intueretur.
1259 1678 1265 1690 .

273 1719 341 1778 2¹9·
355 1698 399 1758 Ab
412 1699 490 1756 Jove
501 1697 693 1778 principium
708 1695 841 1776 generis,
856 1693 930 1776 quia
943 1687 1110 1752 Dardanus
1122 1681 1211 1742 filius
1224 1679 1278 1738 furt

227 1789 333 1860 Jovis,
345 1798 376 1846 et
389 1786 539 1846 Electrae:
553 1783 628 1844 hinc
640 1783 729 1866 pubes
740 1782 895 1855 Dardana,
908 1780 941 1838 id
951 1791 1010 1856 cst,
1020 1772 1152 1855 trojani
1163 1766 1278 1830 12212222

232 1876 342 1934 Jovem
361 1893 472 1933 avum:
492 1873 566 1933 inde
585 1875 681 1933 etiam
700 1871 833 1946 factum,
852 1884 887 1930 ut
901 1871 1027 1942 AEneas,
1047 1865 1104 1947 qui
1122 1881 1183 1922 nos
1199 1857 1238 1918 ad
1253 1868 1277 1914 te

233 1964 333 2036 misit,
347 1962 387 2021 sit
400 1961 526 2043 deqeme
536 1983 671 2042 suprema
680 1963 775 2048 Jouis,
789 1962 864 2043 quia
876 1960 992 2032 liuius,
1005 1971 1036 2016 et
1045 1967 1155 2017 ortum
1166 1949 1277 2008 ducens

228 2120 308 2174 nulla
320 2121 391 2174 enim
401 2138 462 2192 spes
472 2120 509 2172 ibi
520 2123 571 2174 nisi
580 2141 597 2174 2
606 2123 734 2176 Fortuna.
780 2133 857 2175 erant
869 2135 895 2174 22
908 2119 1007 2184 Cretae,
1028 2113 1135 2170 addidit
1146 2111 1276 2184 Phrygia,

270 2199 329 2254 225.
349 2201 431 2252 Fama
451 2212 487 2253 est
506 2201 633 2273 adsuetior
650 2203 733 2253 222212.
780 2201 815 2254 ud
827 2201 1024 2253 discretionem.
1037 2199 1109 2250 Seru.

234 2280 273 2334 Ac
290 2282 312 2332 si
329 2279 442 2345 diceret;
458 2282 509 2332 nisi
521 2294 604 2347 esset,
617 2283 673 2351 jam
686 2299 735 2332 vos
815 2284 875 2334 223.
884 2281 944 2332 Rex.
953 2275 1160 2329 Conciliatioab
1170 2275 1277 2336 honore,

234 2362 346 2414 sciretis.
359 2361 429 2414 Serv.
438 2360 597 2432 -Scaliger
608 2362 647 2413 122
657 2360 737 2432 expli·
780 2357 842 2412 inde
854 2379 868 2411 2
880 2377 985 2432 genere.
1001 2359 1071 2410 Sero.
1081 2358 1193 2422 —Ilex,
1206 2371 1278 2430 penus

236 2452 294 2491 cat:
315 2439 415 2491 «llaud
434 2441 470 2491 ita
484 2439 562 2490 multi
578 2453 641 2492 sunt
658 2442 735 2507 anni,
778 2440 923 2512 eprepium
937 2455 1019 2508 quam
1030 2455 1058 2488 se
1069 2435 1279 2490 benevolumos·

236 2516 284 2570 sed
295 2519 367 2570 12222
381 2529 528 2590 pervagata
536 2537 591 2570 non
602 2531 649 2571 222.
660 2542 671 2566 2
776 2519 908 2572 tendisset
920 2519 1047 2584 Latinus,
1059 2536 1117 2570 non
1124 2514 1280 2569 multumla·

272 2595 333 2648 226.
352 2595 488 2648 Auruncos
510 2597 547 2646 ita
563 2596 636 2669 ferre
657 2617 733 2651 222222.
765 2599 886 2652 ’12222212
906 2599 934 2650 12
957 2595 1073 2650 texendo
1093 2596 1209 2650 exordio
1226 2597 1280 2648 Ilio·

236 2675 317 2747 Apud
331 2688 433 2728 veteres
449 2675 567 2728 historia
582 2677 635 2730 hoc
651 2695 735 2750 genus
779 2695 859 2743 neus,
870 2677 1137 2748 nectamenpenitus
1147 2679 1242 2728 omisit
1251 2676 1281 2726 ll.

232 2757 301 2822 tuit,
313 2768 343 2806 ut
352 2758 466 2826 majores
474 2769 668 2819 natuanteacta
675 2775 737 2828 pos·
780 2787 814 2798 --
824 2758 919 2810 Genus.
932 2757 1049 2809 Notatur
1060 2755 1168 2808 locutio
1180 2758 1280 2828 poetica

237 2837 301 2890 teris
313 2833 478 2889 indicarent:
492 2837 566 2908 quod
577 2837 621 2890 hic
634 2837 736 2890 indicat
771 2856 829 2909 ¹pro
846 2835 913 2898 lilio;
933 2855 996 2888 nam
1013 2837 1128 2888 Latinus
1148 2837 1220 2889 iilius
1236 2837 1279 2887 fuit

225 2916 321 2968 locus.
345 2918 469 2969 Lucanas
494 2918 628 2988 apertius,
653 2935 735 2988 quum
779 2917 1017 2969 Fauni-Fauni.
1030 2916 1111 2969 Unde
1122 2917 1179 2970 hoc
1190 2935 1280 2990 cogno·

231 3009 306 3050 esset
316 2996 349 3048 de
359 2997 452 3049 Antaeo
462 3010 598 3062 narratas,
610 2998 661 3062 ait,
670 2997 738 3070 Cop-
774 2997 819 3048 2212
830 2995 962 3048 Ilioneus?
969 3015 1068 3067 nempe
1079 3015 1112 3049 ex
1121 2997 1280 3060 simulacris,

237 3079 295 3129 nita
304 3096 353 3148 per
362 3077 459 3130 multos
468 3075 560 3128 docuit
566 3075 640 3128 rudis
648 3076 738 3128 incola
778 3093 841 3148 quse
851 3077 963 3130 scantin
970 3075 1117 3129 vestibulo.
1128 3079 1281 3130 Brevissima

235 3169 365 3228 patrem
384 3159 446 3227 quia
461 3155 549 3208 adhuc
563 3175 613 3208 nec
628 3155 736 3209 2222222122
777 3168 870 3208 autem
903 3157 1075 3227 amplectitur
1111 3172 1281 3228 quacumque

234 3248 389 3300 222222,·2222
399 3235 525 3288 historia.
536 3235 655 3288 Aurunci
662 3255 737 3301 vero,
782 3236 849 3288 dixit
862 3237 985 3299 Latinam
1004 3255 1056 3290 nec
1068 3238 1164 3308 potuit
1176 3239 1280 3290 intanta

237 3317 321 3368 ltalia
329 3317 424 3389 populi
435 3318 612 3387 antiquissimi
620 3320 736 3370 fuerunt.
782 3316 911 3370 brevitate
937 3318 1022 3388 magis
1048 3317 1181 3370 extollere
1205 3334 1280 3390 genus

238 3398 313 3449 Ferre
330 3410 433 3462 autem,
451 3398 528 3467 quasi
543 3415 604 3448 cum
618 3409 737 3456 22222222-
782 3397 936 3466 Trojauum.
948 3397 1047 3448 Donat.

234 3477 312 3527 tione
322 3477 433 3544 jactare.
447 3475 618 3528 Seru—His
630 3487 698 3528 ortus
709 3486 740 3528 ut
820 3475 878 3528 228.
899 3476 1023 3528 Extremo
1047 3478 1165 3532 2222212222.
1186 3479 1219 3530 ld
1237 3491 1280 3544 est,

238 3555 319 3624 apris,
329 3564 375 3605 etc.
384 3553 520 3618 Adstrnlt,
529 3555 599 3607 inter
608 3554 737 3625 Troianos
782 3557 887 3626 primos
903 3573 965 3608 nam
978 3555 1044 3608 alias
1059 3557 1163 3610 22211222
1176 3559 1280 3621 diceret,
1314 3599 1315 3606 .

239 3644 266 3682 et
280 3631 360 3682 ltaloe
375 3633 481 3685 2222112222
494 3637 599 3705 generis
613 3653 670 3686 esse
684 3635 739 3687 dis·
782 3634 954 3700 nonveniens.
963 3633 1134 3688 Sera-Sel
1142 3639 1279 3710 aspiciebat.

241 3711 350 3762 crimen.
783 3715 915 3766 Usitetam
924 3715 1097 3784 poetis,aliis
1108 3719 1194 3770 etiam
1205 3718 1239 3770 ad
1247 3735 1280 3770 ex·
1314 3775 1315 3792 ,

277 3803 336 3857 207.
360 3791 506 3845 Dardanus.
538 3795 598 3846 Jam
624 3794 739 3865 explicat
782 3792 935 3866 plicandum
948 3794 1167 3866 magnitudinem
1183 3797 1279 3869 lrnperii

170 3870 173 3878 ’
239 3865 314 3937 quod
337 3885 528 3939 proposuerat,
550 3891 632 3943 quum
653 3873 736 3924 dixit:
780 3873 894 3944 alicujus
902 3891 1038 3926 recurrere
1046 3874 1277 3930 adcursumSolis.

239 3966 253 3992 2
263 3946 363 4013 Dicite,
385 3947 554 4002 Dardanidae.
567 3975 578 3998 2
601 3983 636 3992 -
656 3954 739 4006 Idoeas
818 3968 877 4006 220.
889 3952 1023 4023 Suprema.
1035 3956 1072 4005 Ut
1082 3959 1278 4010 enumeratione

235 4021 357 4095 Ptryqtae
370 4028 510 4096 penetrarit
522 4029 556 4078 ud
568 4031 647 4082 urbes.
666 4033 737 4099 Quin
781 4034 913 4103 majoram
926 4034 984 4104 ipse
995 4033 1123 4088 videatur
1134 4035 1213 4103 linis,
1225 4053 1277 4112 pro
