2700 4586
340 315 392 380 nt
415 318 650 388 nrnrnos
673 322 766 390 Lm.
790 327 817 392 1.
1056 341 1095 406 61
1142 299 1148 306 ’

53 433 218 494 conditum
234 432 275 495 ab
287 435 412 500 Didone
423 441 575 522 templum
589 445 622 503 in
634 443 787 508 honorem
799 450 946 530 Junonis3
961 457 1102 522 adhibet-

52 544 110 604 que
120 526 297 601 rationem,
310 548 366 587 cur
374 549 415 589 eo
426 528 487 591 loci
497 533 649 614 templum
661 538 860 616 conderetur,
871 545 993 623 potius,
1004 569 1099 629 quam

53 613 129 689 alio,
142 616 227 696 quia
239 615 385 677 videlicet
397 620 500 695 Poeni,
516 623 644 684 invento
659 627 704 685 ibi
719 628 757 686 ab
770 645 963 694 monstrante
974 639 1099 700 lunone

52 703 169 781 equino
187 706 307 785 capite,
324 704 386 766 hoo
402 729 461 790 pro
479 710 585 772 'omine
599 727 793 776 sumseruntr
813 733 966 800 putarunt
982 727 1101 808 quippe

53 807 117 846 non
132 790 293 851 immerito
308 795 437 874 praedici
452 795 492 856 ab
507 792 635 860 militari
649 801 717 862 fero
734 818 881 866 aeternam
896 809 964 870 fore
982 828 1013 873 et
1029 835 1099 896 per-

54 887 149 954 petuo
161 880 319 959 vigentem
332 882 417 944 illius
427 886 539 967 populi
549 889 707 950 virtutem.
719 893 809 954 Hanc
819 899 1001 958 sententiam
1012 901 1100 980 vide,

54 977 89 1023 ut
99 983 250 1028 exornet:
266 970 306 1030 de
317 969 403 1048 luco,
416 974 520 1036 umbra
532 973 707 1054 lectissimus,
723 1001 791 1066 quse
804 987 931 1065 propria
943 985 1005 1047 luci
1017 1011 1100 1050 com·
1135 1053 1142 1066 ,

54 1054 236 1117 mendatio:
248 1059 412 1120 inventum
424 1076 519 1144 caput
531 1078 622 1124 vocat
631 1067 762 1148 siqnum,
779 1089 813 1128 ac
827 1082 866 1130 ne
881 1073 994 1134 dubios
1009 1075 1101 1136 relin-

54 1153 148 1218 quat,
158 1162 234 1202 mox
246 1144 382 1226 explicet
392 1163 481 1230 caput
489 1154 564 1210 aeris
574 1155 649 1232 equi.
665 1155 803 1214 Verbum
818 1171 992 1220 monstrarat
1003 1165 1101 1242 signa-

55 1239 125 1284 tum
143 1243 207 1290 est:
226 1230 317 1308 dicit,
339 1249 462 1315 gentem
481 1237 569 1296 illam
588 1238 656 1300 lore
672 1237 757 1301 bello
776 1245 934 1325 epreqiam,
954 1267 1024 1327 quae
1039 1268 1101 1308 vox

3 1337 4 1344 ¹
54 1320 175 1380 nemini
190 1342 347 1404 expenso:
368 1327 472 1408 itaque
491 1331 556 1388 non
571 1331 756 1412 preclaram
775 1332 867 1409 dixit3
887 1355 952 1395 non
971 1338 1102 1398 obvium

55 1403 157 1482 aliud3
170 1409 225 1470 sed
239 1415 399 1494 epmpinm,
417 1427 453 1475 ut
465 1417 581 1498 quibus
593 1433 688 1500 ceput
700 1422 847 1502 apparuit
859 1423 965 1501 equini
980 1427 1081 1506 gregis
1093 1448 1100 1484 ε

3 1501 4 1512 ’
56 1513 157 1573 quum
175 1498 220 1556 ait
232 1499 357 1580 facilem
374 1504 452 1563 victu
469 1517 598 1585 pentem,
615 1507 739 1588 explica
758 1507 880 1568 facilem
896 1511 1050 1594 victoriis,
1072 1525 1103 1572 et

57 1597 162 1662 sptem
179 1588 284 1649 vivere
298 1603 412 1651 aeterna
427 1591 524 1658 fame.
543 1594 763 1674 Aiteondebat,
785 1599 859 1678 quia
875 1613 1012 1680 coeptum
1027 1614 1103 1661 tem·
1142 1677 1144 1682 Ι

56 1669 160 1751 plum,
181 1696 249 1736 non
266 1677 456 1759 perfectum:
474 1679 540 1762 jam
557 1681 628 1742 vide
644 1699 679 1744 ut
698 1687 851 1768 templum
867 1702 992 1748 exornet
1009 1711 1025 1749 a
1043 1692 1102 1750 cir·

58 1765 270 1840 cumstantiis,
284 1787 303 1824 a
314 1770 548 1850 magnitudine3
562 1791 637 1830 nem
652 1775 771 1854 inpetu:
786 1774 825 1832 ab
838 1773 956 1855 duplici
970 1776 1102 1858 opulen-

59 1849 113 1922 tia3
133 1871 211 1910 nem
223 1850 269 1912 ibi
281 1868 312 1914 et
326 1854 410 1916 dona
424 1858 513 1934 Deae,
532 1870 562 1918 et
575 1880 692 1920 numen
704 1861 792 1937 Deae,
811 1881 846 1922 ac
859 1865 1040 1944 praesentia:
1061 1863 1101 1925 ah

58 1948 229 2014 structura3
243 1961 316 2002 nem
329 1943 367 2018 ed
379 1944 533 2026 templum
546 1946 648 2008 editus
662 1961 728 2008 eret
739 1969 795 2030 per
806 1948 919 2030 gradus
933 1951 1101 2032 quosdam,

3 2019 4 2022 ’
58 2037 88 2083 et
100 2026 205 2087 trabes
218 2047 423 2094 nexuerant:
440 2055 457 2094 a
470 2037 613 2111 materia3
626 2057 700 2097 nam
712 2059 792 2098 cerea
805 2054 894 2098 erant
907 2038 1033 2114 limina3
1045 2051 1103 2102 tro·

3 2181 4 2194 ¹
57 2107 111 2174 bes
125 2135 214 2176 nexae
229 2110 301 2194 ξτες
314 2123 409 2182 cardo
421 2123 573 2183 stridebat
587 2121 694 2184 ahenis
707 2123 837 2184 foribus.

3 2201 4 2206 ’
95 2202 167 2278 450.
180 2206 284 2280 Infert
290 2223 383 2290 poete
395 2209 442 2288 id,
455 2211 542 2294 quod
554 2211 594 2270 ad
606 2211 768 2272 historiam
780 2213 936 2294 poeticam
947 2212 1105 2274 festivissi-

59 2312 146 2353 mum
160 2309 222 2370 est,
243 2311 274 2356 et
290 2301 376 2378 quod
392 2298 431 2358 ad
449 2299 628 2362 excitandos
644 2301 775 2362 allectus
788 2300 1104 2365 vehementissimum.

3 2399 4 2418 ³
60 2381 137 2457 Quis
151 2385 239 2442 enim
252 2406 317 2446 non
331 2386 527 2450 festivissime
541 2389 707 2450 delectetur
719 2392 753 2450 in
766 2389 911 2466 historia,
924 2411 993 2472 quae
1004 2395 1107 2472 sequi·

61 2469 131 2532 tur?
147 2474 204 2555 qui
223 2494 290 2535 non
307 2477 410 2538 AEneae
428 2480 552 2541 animus
570 2475 841 2541 vehementissime
857 2493 1106 2557 commorentur,

93 2599 154 2666 445.
165 2601 203 2652 Et
205 2601 316 2672 facilem
327 2605 396 2657 victu
403 2606 558 2678 persoecula.
640 2607 700 2674 446.
711 2607 827 2660 Sidonia.
837 2603 912 2658 Licet
922 2603 1003 2658 Sidon
1013 2605 1105 2658 civitas

60 2677 112 2730 Alii
136 2680 270 2750 fertilem,
301 2683 410 2738 divitem
436 2705 562 2759 agrorum
605 2688 639 2738 sit
650 2687 806 2750 Phoeniciae,
822 2697 912 2735 tamen
930 2683 975 2733 hic
990 2699 1039 2752 pro
1054 2684 1105 2753 Ty·

60 2759 199 2828 ubertate,
220 2775 247 2814 et
265 2781 376 2817 annones
393 2768 473 2838 eopia
489 2789 496 2819 ε
514 2765 562 2819 sed
605 2767 646 2817 rie
657 2766 756 2835 posuit.
770 2763 838 2815 Sane
856 2761 965 2832 quidam
980 2773 1107 2851 opportu-

3 2871 4 2896 t
61 2839 199 2909 quomodo
218 2841 311 2910 cibos,
334 2845 481 2918 vicumque
501 2865 563 2898 cum
606 2843 842 2897 nehicstdoniam
860 2841 953 2892 volunt
971 2852 1106 2931 P⁰⁸f¹³m3
1163 2885 1169 2893 .

3 2933 4 2942 ³
60 2916 133 2970 hello
139 2930 167 2970 et
173 2921 251 2971 ermis
260 2923 517 2977 conciliaverisidlii
523 2924 561 2977 di·
604 2937 635 2976 ut
646 2922 798 2976 ostenderet
812 2920 989 2992 locupletem
1002 2919 1105 2972 Stdonn

61 3009 124 3049 cunt
136 2997 476 3072 Carthaginem-terebella
487 3023 561 3077 egre·
605 3005 676 3058 enim
692 3002 839 3075 locupletes
855 3000 941 3053 habiti
958 3012 1038 3064 suut3
1058 3014 1104 3067 ut,

3 3097 5 3112 ³
62 3079 149 3148 giem,
174 3077 223 3131 sed
246 3079 354 3134 tandem
375 3096 438 3154 post
459 3083 561 3155 aliquot
609 3081 1102 3172 «Sidoniasqneostentstopes.»Seru

62 3157 152 3209 secula
162 3159 323 3213 vincendam
339 3183 345 3212 ι
361 3162 479 3216 absurde
491 3165 562 3218 foret
614 3209 616 3212 .
641 3165 702 3235 449.
722 3165 833 3216 ronne.
849 3164 923 3214 Fores
938 3161 1047 3232 proprie
1064 3158 1106 3250 dr·

62 3236 119 3289 litus
131 3237 282 3307 bellorum,
297 3243 319 3293 si
335 3242 443 3296 demum
453 3246 563 3296 vinciet
607 3257 719 3310 cuntur,
733 3263 791 3316 quse
802 3245 876 3294 loros
890 3242 1059 3313 aperiuntur,
1072 3256 1107 3290 st·

63 3317 217 3390 subjugum
233 3322 302 3373 mitti
318 3322 484 3376 sinelebore
496 3343 563 3396 gen·
608 3336 652 3393 opt
672 3323 745 3396 apud
765 3334 867 3374 veteres
885 3316 1105 3399 fuit.1-7‘Cardo.

63 3409 114 3450 tem
126 3397 238 3451 diceret.
250 3399 346 3452 Melius
359 3414 385 3454 et
399 3419 563 3474 consequen·
607 3403 699 3456 Dictus
712 3416 768 3468 est,
783 3403 859 3472 qussi
871 3417 918 3451 cor
930 3401 1035 3488 janue,
1053 3415 1107 3469 quo

62 3479 113 3530 tius
126 3497 253 3550 caperem
265 3482 350 3534 active
357 3481 467 3554 facilem
480 3483 562 3548 victu,
607 3475 1108 3570 movetur.-—Stridebatoltems.ddsue

62 3576 112 3628 pro
124 3557 160 3610 ad
179 3558 357 3627 vincendum,
374 3565 451 3633 quasi
466 3563 564 3614 fortem
608 3560 699 3613 retulit
710 3573 833 3630 tempora
843 3556 984 3649 Virgilius:
1000 3570 1107 3651 cautum

62 3649 88 3689 et
99 3637 190 3690 multis
204 3639 324 3692 victoriis
336 3641 482 3712 pollentem
493 3663 500 3692 ι
517 3638 565 3693 sed
609 3641 679 3692 euim
691 3641 795 3702 luerat,
804 3650 867 3709 post
879 3636 1015 3708 proditum
1026 3636 1109 3689 hostr-

63 3717 134 3770 malo
153 3719 305 3791 explicare,
325 3739 383 3792 (με
396 3721 481 3793 facile
498 3711 566 3772 vivet
609 3718 808 3789 busa‘l'erpeie
818 3717 919 3789 virgine
932 3715 1107 3788 Capitolium

63 3816 111 3868 per
119 3799 217 3872 longos
227 3819 313 3852 annos
324 3801 433 3854 militari
443 3799 524 3854 laude
533 3801 566 3852 il·
609 3811 640 3850 ut
652 3799 713 3850 urei
725 3797 848 3850 cardines
861 3797 970 3862 fierent,
981 3815 1034 3867 quo
1047 3799 1109 3888 ¹stri-

64 3875 184 3932 lustrata.
196 3879 266 3930 Vide
282 3891 347 3930 tom.
361 3881 402 3945 11,
417 3898 478 3951 pag.
500 3896 565 3950 199,
611 3877 661 3930 dor
677 3881 761 3950 possit
782 3890 875 3949 aperte
895 3879 964 3928 ostia
982 3877 1107 3968 omnibus

64 3957 361 4025 ExcursuleV‚ubi
377 3958 431 4013 alis
446 3957 567 4013 defendi·
610 3957 737 4011 indicere.
752 3958 822 4011 Serv.
841 3957 979 4028 Ampliora
995 3955 1057 4007 vrde
1073 3953 1109 4007 ad
1158 3993 1163 3996 -

68 4047 108 4089 tur
120 4037 284 4112 opinion'd,
433 4039 435 4045 ’
610 4037 970 4108 hunclocum‚Tom.11‚p.
987 4032 1044 4086 125.
