<?xml version="1.0" encoding="UTF-8"?>
<!DOCTYPE html PUBLIC "-//W3C//DTD XHTML 1.0 Transitional//EN"
    "http://www.w3.org/TR/xhtml1/DTD/xhtml1-transitional.dtd">
<html xmlns="http://www.w3.org/1999/xhtml" xml:lang="en" lang="en">
 <head>
  <title>
</title>
<meta http-equiv="Content-Type" content="text/html;charset=utf-8" />
  <meta name='ocr-system' content='tesseract 3.04.00' />
  <meta name='ocr-capabilities' content='ocr_page ocr_carea ocr_par ocr_line ocrx_word'/>
</head>
<body>
  <div class='ocr_page' id='page_1' title='image "./pvirgiliusmaroq02barbgoog_0517.png"; bbox 0 0 2644 4614; ppageno 0'>
   <div class='ocr_carea' id='block_1_1' title="bbox 298 349 1083 438">
    <p class='ocr_par' dir='ltr' id='par_1_1' title="bbox 298 349 1083 438">
     <span class='ocr_line' id='line_1_1' title="bbox 298 349 1083 438; baseline -0.003 -22"><span class='ocrx_word' id='word_1_1' title='bbox 298 351 349 416; x_wconf 84' lang='lat' dir='ltr'>m</span> <span class='ocrx_word' id='word_1_2' title='bbox 373 349 607 416; x_wconf 76' lang='lat' dir='ltr'>ursinos</span> <span class='ocrx_word' id='word_1_3' title='bbox 630 351 723 414; x_wconf 74' lang='lat' dir='ltr'>cru.</span> <span class='ocrx_word' id='word_1_4' title='bbox 749 352 834 416; x_wconf 84' lang='lat' dir='ltr'>vn.</span> <span class='ocrx_word' id='word_1_5' title='bbox 1021 351 1083 438; x_wconf 71' lang='lat'>473</span> 
     </span>
    </p>
   </div>
   <div class='ocr_carea' id='block_1_2' title="bbox 14 473 1092 3482">
    <p class='ocr_par' dir='ltr' id='par_1_2' title="bbox 44 473 1086 646">
     <span class='ocr_line' id='line_1_2' title="bbox 44 473 1086 558; baseline 0.002 -27"><span class='ocrx_word' id='word_1_6' title='bbox 44 473 208 557; x_wconf 84' lang='lat' dir='ltr'>Hippolyti</span> <span class='ocrx_word' id='word_1_7' title='bbox 221 496 332 558; x_wconf 85' lang='lat' dir='ltr'>equos,</span> <span class='ocrx_word' id='word_1_8' title='bbox 348 489 379 536; x_wconf 82' lang='lat' dir='ltr'>&#39;et</span> <span class='ocrx_word' id='word_1_9' title='bbox 392 497 517 538; x_wconf 90' lang='lat' dir='ltr'>currum</span> <span class='ocrx_word' id='word_1_10' title='bbox 531 476 640 556; x_wconf 90' lang='lat' dir='ltr'>agebat</span> <span class='ocrx_word' id='word_1_11' title='bbox 652 497 706 558; x_wconf 90' lang='lat' dir='ltr'>per</span> <span class='ocrx_word' id='word_1_12' title='bbox 715 497 842 558; x_wconf 90' lang='lat' dir='ltr'>campos</span> <span class='ocrx_word' id='word_1_13' title='bbox 852 497 944 536; x_wconf 92' lang='lat' dir='ltr'>ruens</span> <span class='ocrx_word' id='word_1_14' title='bbox 957 477 990 534; x_wconf 91' lang='lat' dir='ltr'>in</span> <span class='ocrx_word' id='word_1_15' title='bbox 1003 473 1086 534; x_wconf 89' lang='lat' dir='ltr'>bella</span> 
     </span>
     <span class='ocr_line' id='line_1_3' title="bbox 44 561 1026 646; baseline 0.004 -28"><span class='ocrx_word' id='word_1_16' title='bbox 44 561 299 624; x_wconf 86' lang='lat' dir='ltr'>ostentabundus.</span> <span class='ocrx_word' id='word_1_17' title='bbox 314 567 385 624; x_wconf 85' lang='lat' dir='ltr'>Non</span> <span class='ocrx_word' id='word_1_18' title='bbox 396 567 503 638; x_wconf 86' lang='lat' dir='ltr'>secius,</span> <span class='ocrx_word' id='word_1_19' title='bbox 518 578 579 636; x_wconf 87' lang='lat' dir='ltr'>est,</span> <span class='ocrx_word' id='word_1_20' title='bbox 594 583 659 622; x_wconf 89' lang='lat' dir='ltr'>uon</span> <span class='ocrx_word' id='word_1_21' title='bbox 673 567 810 644; x_wconf 85' lang='lat' dir='ltr'>segnius,</span> <span class='ocrx_word' id='word_1_22' title='bbox 826 577 918 646; x_wconf 88' lang='lat' dir='ltr'>quarn</span> <span class='ocrx_word' id='word_1_23' title='bbox 931 579 1026 646; x_wconf 86' lang='lat' dir='ltr'>pater.</span> 
     </span>
    </p>

    <p class='ocr_par' dir='ltr' id='par_1_3' title="bbox 38 652 1091 1274">
     <span class='ocr_line' id='line_1_4' title="bbox 84 652 1086 734; baseline 0 -23"><span class='ocrx_word' id='word_1_24' title='bbox 84 652 151 730; x_wconf 86' lang='lat'>783.</span> <span class='ocrx_word' id='word_1_25' title='bbox 168 653 378 713; x_wconf 86' lang='lat' dir='ltr'>Commendat</span> <span class='ocrx_word' id='word_1_26' title='bbox 389 657 547 729; x_wconf 81' lang='lat' dir='ltr'>Turnum3</span> <span class='ocrx_word' id='word_1_27' title='bbox 568 655 782 734; x_wconf 58' lang='lat' dir='ltr'>primo,&gt;quia</span> <span class='ocrx_word' id='word_1_28' title='bbox 799 655 897 714; x_wconf 81' lang='lat' dir='ltr'>alacer</span> <span class='ocrx_word' id='word_1_29' title='bbox 914 654 952 714; x_wconf 94' lang='lat' dir='ltr'>ad</span> <span class='ocrx_word' id='word_1_30' title='bbox 968 653 1086 712; x_wconf 89' lang='lat' dir='ltr'>bellum</span> 
     </span>
     <span class='ocr_line' id='line_1_5' title="bbox 39 743 1087 826; baseline 0.003 -28"><span class='ocrx_word' id='word_1_31' title='bbox 39 753 74 799; x_wconf 88' lang='lat' dir='ltr'>et</span> <span class='ocrx_word' id='word_1_32' title='bbox 88 743 235 824; x_wconf 80' lang='lat' dir='ltr'>impiger3</span> <span class='ocrx_word' id='word_1_33' title='bbox 258 767 331 804; x_wconf 90' lang='lat' dir='ltr'>nam</span> <span class='ocrx_word' id='word_1_34' title='bbox 349 747 423 805; x_wconf 85' lang='lat' dir='ltr'>inter</span> <span class='ocrx_word' id='word_1_35' title='bbox 435 747 560 826; x_wconf 86' lang='lat' dir='ltr'>primos,</span> <span class='ocrx_word' id='word_1_36' title='bbox 582 759 613 802; x_wconf 90' lang='lat' dir='ltr'>et</span> <span class='ocrx_word' id='word_1_37' title='bbox 631 747 705 826; x_wconf 87' lang='lat' dir='ltr'>ipse,</span> <span class='ocrx_word' id='word_1_38' title='bbox 725 743 914 826; x_wconf 79' lang='lat' dir='ltr'>emphaiice:</span> <span class='ocrx_word' id='word_1_39' title='bbox 938 743 1051 802; x_wconf 87' lang='lat' dir='ltr'>deinde</span> <span class='ocrx_word' id='word_1_40' title='bbox 1070 763 1087 800; x_wconf 91' lang='lat' dir='ltr'>a</span> 
     </span>
     <span class='ocr_line' id='line_1_6' title="bbox 42 833 1088 917; baseline 0.004 -29"><span class='ocrx_word' id='word_1_41' title='bbox 42 835 183 912; x_wconf 91' lang='lat' dir='ltr'>corporis</span> <span class='ocrx_word' id='word_1_42' title='bbox 198 837 395 914; x_wconf 85' lang='lat' dir='ltr'>proceritate3</span> <span class='ocrx_word' id='word_1_43' title='bbox 412 855 483 894; x_wconf 89' lang='lat' dir='ltr'>nam</span> <span class='ocrx_word' id='word_1_44' title='bbox 496 835 643 917; x_wconf 76' lang='lat' dir='ltr'>proe&#39;stonti</span> <span class='ocrx_word' id='word_1_45' title='bbox 657 855 791 916; x_wconf 83' lang='lat' dir='ltr'>corpore:</span> <span class='ocrx_word' id='word_1_46' title='bbox 811 855 912 914; x_wconf 87' lang='lat' dir='ltr'>neque</span> <span class='ocrx_word' id='word_1_47' title='bbox 925 833 986 893; x_wconf 92' lang='lat' dir='ltr'>hoc</span> <span class='ocrx_word' id='word_1_48' title='bbox 1000 835 1088 908; x_wconf 87' lang='lat' dir='ltr'>satis;</span> 
     </span>
     <span class='ocr_line' id='line_1_7' title="bbox 40 921 1089 1004; baseline 0.002 -28"><span class='ocrx_word' id='word_1_49' title='bbox 40 932 164 998; x_wconf 87' lang='lat' dir='ltr'>poterat</span> <span class='ocrx_word' id='word_1_50' title='bbox 183 923 350 983; x_wconf 88' lang='lat' dir='ltr'>enim&#39;esse</span> <span class='ocrx_word' id='word_1_51' title='bbox 369 941 529 1004; x_wconf 83' lang='lat' dir='ltr'>procerus,</span> <span class='ocrx_word' id='word_1_52' title='bbox 558 923 599 981; x_wconf 88' lang='lat' dir='ltr'>ita</span> <span class='ocrx_word' id='word_1_53' title='bbox 620 934 727 981; x_wconf 87' lang='lat' dir='ltr'>tamen</span> <span class='ocrx_word' id='word_1_54' title='bbox 746 923 833 981; x_wconf 90' lang='lat' dir='ltr'>utin</span> <span class='ocrx_word' id='word_1_55' title='bbox 853 941 888 980; x_wconf 88' lang='lat' dir='ltr'>ea</span> <span class='ocrx_word' id='word_1_56' title='bbox 906 921 1089 1002; x_wconf 86' lang='lat' dir='ltr'>proceritate</span> 
     </span>
     <span class='ocr_line' id='line_1_8' title="bbox 41 1005 1091 1095; baseline 0.002 -29"><span class='ocrx_word' id='word_1_57' title='bbox 41 1005 170 1071; x_wconf 84' lang='lat' dir='ltr'>haberet</span> <span class='ocrx_word' id='word_1_58' title='bbox 186 1013 264 1072; x_wconf 90' lang='lat' dir='ltr'>alios</span> <span class='ocrx_word' id='word_1_59' title='bbox 280 1013 412 1095; x_wconf 84' lang='lat' dir='ltr'>aequales</span> <span class='ocrx_word' id='word_1_60' title='bbox 429 1036 436 1070; x_wconf 75' lang='grc' dir='ltr'>ι</span> <span class='ocrx_word' id='word_1_61' title='bbox 452 1034 516 1072; x_wconf 88' lang='lat' dir='ltr'>non</span> <span class='ocrx_word' id='word_1_62' title='bbox 529 1014 588 1086; x_wconf 87' lang='lat' dir='ltr'>sic;</span> <span class='ocrx_word' id='word_1_63' title='bbox 610 1015 708 1072; x_wconf 90' lang='lat' dir='ltr'>immo</span> <span class='ocrx_word' id='word_1_64' title='bbox 724 1013 765 1072; x_wconf 89' lang='lat' dir='ltr'>ita</span> <span class='ocrx_word' id='word_1_65' title='bbox 779 1012 847 1072; x_wconf 89' lang='lat' dir='ltr'>aliis</span> <span class='ocrx_word' id='word_1_66' title='bbox 860 1010 1041 1094; x_wconf 68' lang='lat' dir='ltr'>prestabat,</span> <span class='ocrx_word' id='word_1_67' title='bbox 1053 1021 1091 1069; x_wconf 90' lang='lat' dir='ltr'>ut</span> 
     </span>
     <span class='ocr_line' id='line_1_9' title="bbox 40 1099 1089 1184; baseline 0.002 -27"><span class='ocrx_word' id='word_1_68' title='bbox 40 1113 209 1183; x_wconf 85' lang='lat' dir='ltr'>essetsupro</span> <span class='ocrx_word' id='word_1_69' title='bbox 224 1116 280 1164; x_wconf 80' lang='lat' dir='ltr'>toto</span> <span class='ocrx_word' id='word_1_70' title='bbox 294 1107 415 1164; x_wconf 82' lang='lat' dir='ltr'>vertice:</span> <span class='ocrx_word' id='word_1_71' title='bbox 436 1103 513 1163; x_wconf 92' lang='lat' dir='ltr'>illud</span> <span class='ocrx_word' id='word_1_72' title='bbox 525 1105 659 1177; x_wconf 61' lang='lat' dir='ltr'>veretur,</span> <span class='ocrx_word' id='word_1_73' title='bbox 678 1115 739 1179; x_wconf 88' lang='lat' dir='ltr'>est,</span> <span class='ocrx_word' id='word_1_74' title='bbox 759 1105 823 1184; x_wconf 91' lang='lat' dir='ltr'>agit</span> <span class='ocrx_word' id='word_1_75' title='bbox 834 1124 882 1176; x_wconf 89' lang='lat' dir='ltr'>se,</span> <span class='ocrx_word' id='word_1_76' title='bbox 901 1114 930 1160; x_wconf 89' lang='lat' dir='ltr'>et</span> <span class='ocrx_word' id='word_1_77' title='bbox 943 1113 1024 1160; x_wconf 89' lang='lat' dir='ltr'>rotat</span> <span class='ocrx_word' id='word_1_78' title='bbox 1040 1099 1089 1159; x_wconf 90' lang='lat' dir='ltr'>fu·</span> 
     </span>
     <span class='ocr_line' id='line_1_10' title="bbox 38 1191 919 1274; baseline 0.002 -28"><span class='ocrx_word' id='word_1_79' title='bbox 38 1201 145 1249; x_wconf 88' lang='lat' dir='ltr'>renter</span> <span class='ocrx_word' id='word_1_80' title='bbox 159 1191 196 1250; x_wconf 93' lang='lat' dir='ltr'>ad</span> <span class='ocrx_word' id='word_1_81' title='bbox 212 1193 347 1268; x_wconf 82' lang='lat' dir='ltr'>bellum3</span> <span class='ocrx_word' id='word_1_82' title='bbox 362 1195 502 1274; x_wconf 90' lang='lat' dir='ltr'>signatur</span> <span class='ocrx_word' id='word_1_83' title='bbox 516 1195 583 1274; x_wconf 91' lang='lat' dir='ltr'>ipso</span> <span class='ocrx_word' id='word_1_84' title='bbox 599 1191 694 1253; x_wconf 87' lang='lat' dir='ltr'>verbo</span> <span class='ocrx_word' id='word_1_85' title='bbox 709 1195 805 1254; x_wconf 90' lang='lat' dir='ltr'>animi</span> <span class='ocrx_word' id='word_1_86' title='bbox 820 1194 919 1274; x_wconf 84' lang='lat' dir='ltr'>vigor.</span> 
     </span>
    </p>

    <p class='ocr_par' dir='ltr' id='par_1_4' title="bbox 30 1277 1089 1628">
     <span class='ocr_line' id='line_1_11' title="bbox 79 1277 1088 1364; baseline 0 -26"><span class='ocrx_word' id='word_1_87' title='bbox 79 1280 150 1359; x_wconf 85' lang='lat'>785.</span> <span class='ocrx_word' id='word_1_88' title='bbox 164 1283 264 1362; x_wconf 81' lang='lat' dir='ltr'><strong>Pergit</strong></span> <span class='ocrx_word' id='word_1_89' title='bbox 277 1284 315 1342; x_wconf 90' lang='lat' dir='ltr'>ad</span> <span class='ocrx_word' id='word_1_90' title='bbox 327 1283 488 1344; x_wconf 88' lang='lat' dir='ltr'>horrorem</span> <span class='ocrx_word' id='word_1_91' title='bbox 502 1304 679 1359; x_wconf 90' lang='lat' dir='ltr'>armorum,</span> <span class='ocrx_word' id='word_1_92' title='bbox 692 1303 755 1364; x_wconf 91' lang='lat' dir='ltr'>quo</span> <span class='ocrx_word' id='word_1_93' title='bbox 768 1283 858 1342; x_wconf 90' lang='lat' dir='ltr'>illum</span> <span class='ocrx_word' id='word_1_94' title='bbox 869 1281 1004 1363; x_wconf 86' lang='lat' dir='ltr'>praebeat</span> <span class='ocrx_word' id='word_1_95' title='bbox 1015 1277 1088 1340; x_wconf 91' lang='lat' dir='ltr'>hos·</span> 
     </span>
     <span class='ocr_line' id='line_1_12' title="bbox 38 1365 1089 1452; baseline 0.002 -30"><span class='ocrx_word' id='word_1_96' title='bbox 38 1365 125 1425; x_wconf 89' lang='lat' dir='ltr'>tibus</span> <span class='ocrx_word' id='word_1_97' title='bbox 142 1366 443 1431; x_wconf 80' lang='lat' dir='ltr'><strong>formidabiliorem:</strong></span> <span class='ocrx_word' id='word_1_98' title='bbox 466 1373 608 1452; x_wconf 90' lang='lat' dir='ltr'>iucipita</span> <span class='ocrx_word' id='word_1_99' title='bbox 626 1371 730 1451; x_wconf 90' lang='lat' dir='ltr'>galea,</span> <span class='ocrx_word' id='word_1_100' title='bbox 752 1391 821 1451; x_wconf 85' lang='lat' dir='ltr'>quae</span> <span class='ocrx_word' id='word_1_101' title='bbox 839 1367 917 1442; x_wconf 87' lang='lat' dir='ltr'>altu,</span> <span class='ocrx_word' id='word_1_102' title='bbox 938 1380 967 1426; x_wconf 93' lang='lat' dir='ltr'>et</span> <span class='ocrx_word' id='word_1_103' title='bbox 985 1367 1089 1426; x_wconf 83' lang='lat' dir='ltr'>crinita</span> 
     </span>
     <span class='ocr_line' id='line_1_13' title="bbox 30 1451 1088 1542; baseline -0.001 -28"><span class='ocrx_word' id='word_1_104' title='bbox 30 1451 110 1536; x_wconf 85' lang='lat' dir='ltr'>juba</span> <span class='ocrx_word' id='word_1_105' title='bbox 124 1457 248 1539; x_wconf 82' lang='lat' dir='ltr'>triplici:</span> <span class='ocrx_word' id='word_1_106' title='bbox 265 1458 403 1521; x_wconf 86' lang='lat' dir='ltr'>habebat</span> <span class='ocrx_word' id='word_1_107' title='bbox 414 1481 487 1520; x_wconf 89' lang='lat' dir='ltr'>vero</span> <span class='ocrx_word' id='word_1_108' title='bbox 501 1460 589 1542; x_wconf 80' lang='lat' dir='ltr'>galea</span> <span class='ocrx_word' id='word_1_109' title='bbox 601 1459 779 1520; x_wconf 81' lang='lat' dir='ltr'>chimaeram</span> <span class='ocrx_word' id='word_1_110' title='bbox 793 1458 1007 1530; x_wconf 82' lang='lat' dir='ltr'>efformatam,</span> <span class='ocrx_word' id='word_1_111' title='bbox 1020 1475 1088 1536; x_wconf 83' lang='lat' dir='ltr'>quae</span> 
     </span>
     <span class='ocr_line' id='line_1_14' title="bbox 38 1544 797 1628; baseline 0.003 -26"><span class='ocrx_word' id='word_1_112' title='bbox 38 1544 198 1607; x_wconf 89' lang='lat' dir='ltr'>videretur</span> <span class='ocrx_word' id='word_1_113' title='bbox 210 1549 296 1628; x_wconf 91' lang='lat' dir='ltr'>ignes</span> <span class='ocrx_word' id='word_1_114' title='bbox 308 1571 343 1608; x_wconf 87' lang='lat' dir='ltr'>ex</span> <span class='ocrx_word' id='word_1_115' title='bbox 356 1570 387 1608; x_wconf 91' lang='lat' dir='ltr'>se</span> <span class='ocrx_word' id='word_1_116' title='bbox 400 1548 523 1622; x_wconf 87' lang='lat' dir='ltr'>efllare,</span> <span class='ocrx_word' id='word_1_117' title='bbox 538 1548 652 1608; x_wconf 83' lang='lat' dir='ltr'>similes</span> <span class='ocrx_word' id='word_1_118' title='bbox 664 1551 797 1608; x_wconf 83' lang='lat' dir='ltr'>AEtnaeis.</span> 
     </span>
    </p>

    <p class='ocr_par' dir='ltr' id='par_1_5' title="bbox 36 1635 1091 2068">
     <span class='ocr_line' id='line_1_15' title="bbox 81 1635 1089 1716; baseline -0.003 -22"><span class='ocrx_word' id='word_1_119' title='bbox 81 1635 722 1716; x_wconf 83' lang='lat' dir='ltr'>787.Sententiaest,itavividachimaeram</span> <span class='ocrx_word' id='word_1_120' title='bbox 731 1635 1089 1697; x_wconf 82' lang='lat' dir='ltr'>hancfuisseformatam</span> 
     </span>
     <span class='ocr_line' id='line_1_16' title="bbox 40 1723 1090 1809; baseline 0 -27"><span class='ocrx_word' id='word_1_121' title='bbox 40 1723 168 1786; x_wconf 85' lang='lat' dir='ltr'>artificis</span> <span class='ocrx_word' id='word_1_122' title='bbox 186 1748 298 1809; x_wconf 90' lang='lat' dir='ltr'>opera,</span> <span class='ocrx_word' id='word_1_123' title='bbox 316 1741 351 1788; x_wconf 90' lang='lat' dir='ltr'>ut</span> <span class='ocrx_word' id='word_1_124' title='bbox 366 1749 465 1808; x_wconf 89' lang='lat' dir='ltr'>quum</span> <span class='ocrx_word' id='word_1_125' title='bbox 483 1741 555 1788; x_wconf 87' lang='lat' dir='ltr'>ante</span> <span class='ocrx_word' id='word_1_126' title='bbox 567 1748 705 1808; x_wconf 89' lang='lat' dir='ltr'>pugnam</span> <span class='ocrx_word' id='word_1_127' title='bbox 725 1740 800 1786; x_wconf 88' lang='lat' dir='ltr'>esset</span> <span class='ocrx_word' id='word_1_128' title='bbox 813 1726 964 1799; x_wconf 87' lang='lat' dir='ltr'>terrifica,</span> <span class='ocrx_word' id='word_1_129' title='bbox 985 1738 1090 1783; x_wconf 88' lang='lat' dir='ltr'>tamen</span> 
     </span>
     <span class='ocr_line' id='line_1_17' title="bbox 36 1812 1088 1895; baseline 0.002 -27"><span class='ocrx_word' id='word_1_130' title='bbox 36 1812 76 1870; x_wconf 91' lang='lat' dir='ltr'>in</span> <span class='ocrx_word' id='word_1_131' title='bbox 101 1813 166 1892; x_wconf 89' lang='lat' dir='ltr'>ipsa</span> <span class='ocrx_word' id='word_1_132' title='bbox 187 1835 310 1895; x_wconf 87' lang='lat' dir='ltr'>pugna,</span> <span class='ocrx_word' id='word_1_133' title='bbox 330 1835 428 1895; x_wconf 90' lang='lat' dir='ltr'>quum</span> <span class='ocrx_word' id='word_1_134' title='bbox 449 1815 556 1874; x_wconf 87' lang='lat' dir='ltr'>omnia</span> <span class='ocrx_word' id='word_1_135' title='bbox 579 1813 680 1875; x_wconf 86' lang='lat' dir='ltr'>effuso</span> <span class='ocrx_word' id='word_1_136' title='bbox 696 1816 847 1894; x_wconf 88' lang='lat' dir='ltr'>sanguine</span> <span class='ocrx_word' id='word_1_137' title='bbox 862 1813 1088 1883; x_wconf 75' lang='lat' dir='ltr'>madescerent,</span> 
     </span>
     <span class='ocr_line' id='line_1_18' title="bbox 41 1896 1091 1974; baseline 0.002 -20"><span class='ocrx_word' id='word_1_138' title='bbox 41 1896 98 1956; x_wconf 89' lang='lat' dir='ltr'>illa</span> <span class='ocrx_word' id='word_1_139' title='bbox 116 1913 192 1960; x_wconf 86' lang='lat' dir='ltr'>esset</span> <span class='ocrx_word' id='word_1_140' title='bbox 213 1901 361 1974; x_wconf 82' lang='lat' dir='ltr'>ferocior,</span> <span class='ocrx_word' id='word_1_141' title='bbox 378 1914 407 1960; x_wconf 88' lang='lat' dir='ltr'>et</span> <span class='ocrx_word' id='word_1_142' title='bbox 424 1901 519 1960; x_wconf 83' lang='lat' dir='ltr'>veluti</span> <span class='ocrx_word' id='word_1_143' title='bbox 534 1921 610 1960; x_wconf 83' lang='lat' dir='ltr'>voce</span> <span class='ocrx_word' id='word_1_144' title='bbox 625 1900 820 1974; x_wconf 81' lang='lat' dir='ltr'>infremeret3</span> <span class='ocrx_word' id='word_1_145' title='bbox 840 1921 874 1960; x_wconf 89' lang='lat' dir='ltr'>ac</span> <span class='ocrx_word' id='word_1_146' title='bbox 890 1898 1091 1960; x_wconf 85' lang='lat' dir='ltr'>terribiliores</span> 
     </span>
     <span class='ocr_line' id='line_1_19' title="bbox 38 1987 581 2068; baseline 0.009 -26"><span class='ocrx_word' id='word_1_147' title='bbox 38 1987 251 2068; x_wconf 88' lang='lat' dir='ltr'>tristioresque</span> <span class='ocrx_word' id='word_1_148' title='bbox 263 1989 404 2047; x_wconf 91' lang='lat' dir='ltr'>llammas</span> <span class='ocrx_word' id='word_1_149' title='bbox 417 2001 581 2047; x_wconf 89' lang='lat' dir='ltr'>evomeret.</span> 
     </span>
    </p>

    <p class='ocr_par' dir='ltr' id='par_1_6' title="bbox 34 2073 1092 2950">
     <span class='ocr_line' id='line_1_20' title="bbox 83 2073 1091 2157; baseline 0 -25"><span class='ocrx_word' id='word_1_150' title='bbox 83 2074 150 2152; x_wconf 88' lang='lat'>789.</span> <span class='ocrx_word' id='word_1_151' title='bbox 163 2076 286 2136; x_wconf 78' lang='lat' dir='ltr'>Transit</span> <span class='ocrx_word' id='word_1_152' title='bbox 298 2075 337 2134; x_wconf 88' lang='lat' dir='ltr'>ad</span> <span class='ocrx_word' id='word_1_153' title='bbox 350 2076 511 2157; x_wconf 85' lang='lat' dir='ltr'>clypeum:</span> <span class='ocrx_word' id='word_1_154' title='bbox 529 2089 593 2134; x_wconf 87' lang='lat' dir='ltr'>erat</span> <span class='ocrx_word' id='word_1_155' title='bbox 606 2077 639 2135; x_wconf 90' lang='lat' dir='ltr'>in</span> <span class='ocrx_word' id='word_1_156' title='bbox 652 2095 689 2135; x_wconf 88' lang='lat' dir='ltr'>eo</span> <span class='ocrx_word' id='word_1_157' title='bbox 702 2077 855 2156; x_wconf 89' lang='lat' dir='ltr'>insculpta</span> <span class='ocrx_word' id='word_1_158' title='bbox 868 2076 920 2149; x_wconf 91' lang='lat' dir='ltr'>Io,</span> <span class='ocrx_word' id='word_1_159' title='bbox 934 2077 944 2150; x_wconf 93' lang='lat'>(</span> <span class='ocrx_word' id='word_1_160' title='bbox 952 2073 1091 2154; x_wconf 84' lang='lat' dir='ltr'>sculptu-</span> 
     </span>
     <span class='ocr_line' id='line_1_21' title="bbox 38 2161 1090 2245; baseline 0 -28"><span class='ocrx_word' id='word_1_161' title='bbox 38 2179 109 2218; x_wconf 89' lang='lat' dir='ltr'>ram</span> <span class='ocrx_word' id='word_1_162' title='bbox 124 2164 238 2245; x_wconf 88' lang='lat' dir='ltr'>quippe</span> <span class='ocrx_word' id='word_1_163' title='bbox 255 2164 361 2243; x_wconf 91' lang='lat' dir='ltr'>capio,</span> <span class='ocrx_word' id='word_1_164' title='bbox 381 2183 449 2242; x_wconf 85' lang='lat' dir='ltr'>quae</span> <span class='ocrx_word' id='word_1_165' title='bbox 466 2161 666 2242; x_wconf 84' lang='lat' dir='ltr'>edignitate,</span> <span class='ocrx_word' id='word_1_166' title='bbox 685 2183 750 2220; x_wconf 89' lang='lat' dir='ltr'>non</span> <span class='ocrx_word' id='word_1_167' title='bbox 768 2165 938 2242; x_wconf 84' lang='lat' dir='ltr'>picturam)</span> <span class='ocrx_word' id='word_1_168' title='bbox 956 2161 1090 2220; x_wconf 85' lang='lat' dir='ltr'>formata</span> 
     </span>
     <span class='ocr_line' id='line_1_22' title="bbox 34 2244 1089 2326; baseline 0 -21"><span class='ocrx_word' id='word_1_169' title='bbox 34 2244 102 2326; x_wconf 86' lang='lat' dir='ltr'>jam</span> <span class='ocrx_word' id='word_1_170' title='bbox 117 2249 151 2306; x_wconf 91' lang='lat' dir='ltr'>in</span> <span class='ocrx_word' id='word_1_171' title='bbox 166 2269 306 2320; x_wconf 88' lang='lat' dir='ltr'>vaccam,</span> <span class='ocrx_word' id='word_1_172' title='bbox 321 2261 351 2306; x_wconf 90' lang='lat' dir='ltr'>et</span> <span class='ocrx_word' id='word_1_173' title='bbox 362 2265 433 2306; x_wconf 88' lang='lat' dir='ltr'>cum</span> <span class='ocrx_word' id='word_1_174' title='bbox 444 2250 532 2321; x_wconf 86' lang='lat' dir='ltr'>setis,</span> <span class='ocrx_word' id='word_1_175' title='bbox 546 2250 596 2307; x_wconf 88' lang='lat' dir='ltr'>cui</span> <span class='ocrx_word' id='word_1_176' title='bbox 611 2261 714 2305; x_wconf 89' lang='lat' dir='ltr'>tamen</span> <span class='ocrx_word' id='word_1_177' title='bbox 729 2247 856 2306; x_wconf 89' lang='lat' dir='ltr'>deerant</span> <span class='ocrx_word' id='word_1_178' title='bbox 869 2269 1005 2320; x_wconf 83' lang='lat' dir='ltr'>cornua3</span> <span class='ocrx_word' id='word_1_179' title='bbox 1018 2246 1089 2306; x_wconf 91' lang='lat' dir='ltr'>ideo</span> 
     </span>
     <span class='ocr_line' id='line_1_23' title="bbox 37 2334 1092 2418; baseline 0 -22"><span class='ocrx_word' id='word_1_180' title='bbox 37 2338 126 2396; x_wconf 87' lang='lat' dir='ltr'>laevis</span> <span class='ocrx_word' id='word_1_181' title='bbox 139 2335 275 2418; x_wconf 85' lang='lat' dir='ltr'>clypeus.</span> <span class='ocrx_word' id='word_1_182' title='bbox 291 2338 399 2416; x_wconf 88' lang='lat' dir='ltr'>ltaque</span> <span class='ocrx_word' id='word_1_183' title='bbox 409 2335 474 2416; x_wconf 88' lang='lat' dir='ltr'>jam</span> <span class='ocrx_word' id='word_1_184' title='bbox 491 2351 557 2396; x_wconf 83' lang='lat' dir='ltr'>erat</span> <span class='ocrx_word' id='word_1_185' title='bbox 567 2338 641 2412; x_wconf 89' lang='lat' dir='ltr'>bos,</span> <span class='ocrx_word' id='word_1_186' title='bbox 653 2334 719 2416; x_wconf 90' lang='lat' dir='ltr'>jam</span> <span class='ocrx_word' id='word_1_187' title='bbox 729 2357 802 2398; x_wconf 88' lang='lat' dir='ltr'>cum</span> <span class='ocrx_word' id='word_1_188' title='bbox 818 2339 900 2412; x_wconf 88' lang='lat' dir='ltr'>setis,</span> <span class='ocrx_word' id='word_1_189' title='bbox 912 2337 963 2397; x_wconf 91' lang='lat' dir='ltr'>sed</span> <span class='ocrx_word' id='word_1_190' title='bbox 975 2338 1092 2417; x_wconf 86' lang='lat' dir='ltr'>absque</span> 
     </span>
     <span class='ocr_line' id='line_1_24' title="bbox 37 2422 1090 2504; baseline -0.003 -19"><span class='ocrx_word' id='word_1_191' title='bbox 37 2423 207 2485; x_wconf 87' lang='lat' dir='ltr'>cornibus:</span> <span class='ocrx_word' id='word_1_192' title='bbox 223 2425 265 2481; x_wconf 91' lang='lat' dir='ltr'>ita</span> <span class='ocrx_word' id='word_1_193' title='bbox 278 2425 394 2503; x_wconf 90' lang='lat' dir='ltr'>quippe</span> <span class='ocrx_word' id='word_1_194' title='bbox 405 2422 540 2482; x_wconf 84' lang='lat' dir='ltr'>formata</span> <span class='ocrx_word' id='word_1_195' title='bbox 553 2423 592 2482; x_wconf 87' lang='lat' dir='ltr'>ab</span> <span class='ocrx_word' id='word_1_196' title='bbox 606 2423 738 2482; x_wconf 84' lang='lat' dir='ltr'>artifice:</span> <span class='ocrx_word' id='word_1_197' title='bbox 755 2439 819 2483; x_wconf 85' lang='lat' dir='ltr'>erat</span> <span class='ocrx_word' id='word_1_198' title='bbox 834 2437 980 2504; x_wconf 72' lang='lat' dir='ltr'>praeterea</span> <span class='ocrx_word' id='word_1_199' title='bbox 993 2425 1090 2502; x_wconf 83' lang='lat' dir='ltr'>Argus</span> 
     </span>
     <span class='ocr_line' id='line_1_25' title="bbox 37 2510 1091 2599; baseline -0.003 -26"><span class='ocrx_word' id='word_1_200' title='bbox 37 2510 220 2573; x_wconf 88' lang='lat' dir='ltr'>centoculus</span> <span class='ocrx_word' id='word_1_201' title='bbox 230 2511 319 2570; x_wconf 88' lang='lat' dir='ltr'>datus</span> <span class='ocrx_word' id='word_1_202' title='bbox 328 2529 425 2599; x_wconf 83' lang='lat' dir='ltr'>vaccae</span> <span class='ocrx_word' id='word_1_203' title='bbox 436 2513 588 2570; x_wconf 81' lang='lat' dir='ltr'>adunone</span> <span class='ocrx_word' id='word_1_204' title='bbox 597 2524 700 2571; x_wconf 87' lang='lat' dir='ltr'>custos</span> <span class='ocrx_word' id='word_1_205' title='bbox 711 2533 717 2570; x_wconf 91' lang='lat'><strong>:</strong></span> <span class='ocrx_word' id='word_1_206' title='bbox 729 2510 855 2571; x_wconf 87' lang='lat' dir='ltr'>demum</span> <span class='ocrx_word' id='word_1_207' title='bbox 864 2511 996 2572; x_wconf 85' lang='lat' dir='ltr'>Inachus</span> <span class='ocrx_word' id='word_1_208' title='bbox 1003 2525 1091 2594; x_wconf 88' lang='lat' dir='ltr'>pater</span> 
     </span>
     <span class='ocr_line' id='line_1_26' title="bbox 37 2593 1088 2662; baseline -0.002 0"><span class='ocrx_word' id='word_1_209' title='bbox 37 2604 91 2662; x_wconf 90' lang='lat' dir='ltr'>lus</span> <span class='ocrx_word' id='word_1_210' title='bbox 104 2621 175 2662; x_wconf 89' lang='lat' dir='ltr'>cum</span> <span class='ocrx_word' id='word_1_211' title='bbox 187 2621 266 2661; x_wconf 90' lang='lat' dir='ltr'>uma</span> <span class='ocrx_word' id='word_1_212' title='bbox 276 2599 427 2659; x_wconf 85' lang='lat' dir='ltr'>fundente</span> <span class='ocrx_word' id='word_1_213' title='bbox 439 2621 473 2659; x_wconf 82' lang='lat' dir='ltr'>ex</span> <span class='ocrx_word' id='word_1_214' title='bbox 486 2620 519 2659; x_wconf 86' lang='lat' dir='ltr'>se</span> <span class='ocrx_word' id='word_1_215' title='bbox 532 2593 654 2659; x_wconf 79' lang='lat' dir='ltr'>amnem</span> <span class='ocrx_word' id='word_1_216' title='bbox 668 2623 674 2659; x_wconf 91' lang='lat'>:</span> <span class='ocrx_word' id='word_1_217' title='bbox 689 2599 750 2661; x_wconf 89' lang='lat' dir='ltr'>hoc</span> <span class='ocrx_word' id='word_1_218' title='bbox 762 2602 846 2660; x_wconf 89' lang='lat' dir='ltr'>enirn</span> <span class='ocrx_word' id='word_1_219' title='bbox 861 2614 905 2662; x_wconf 91' lang='lat' dir='ltr'>est</span> <span class='ocrx_word' id='word_1_220' title='bbox 920 2602 1088 2662; x_wconf 87' lang='lat' dir='ltr'>fluviorum</span> 
     </span>
     <span class='ocr_line' id='line_1_27' title="bbox 37 2686 1091 2770; baseline -0.002 -23"><span class='ocrx_word' id='word_1_221' title='bbox 37 2690 172 2770; x_wconf 78' lang='lat' dir='ltr'>insigne.</span> <span class='ocrx_word' id='word_1_222' title='bbox 187 2690 260 2748; x_wconf 83' lang='lat' dir='ltr'>Haec</span> <span class='ocrx_word' id='word_1_223' title='bbox 270 2707 334 2768; x_wconf 76' lang='lat' dir='ltr'>prae</span> <span class='ocrx_word' id='word_1_224' title='bbox 344 2686 412 2747; x_wconf 88' lang='lat' dir='ltr'>aliis</span> <span class='ocrx_word' id='word_1_225' title='bbox 423 2686 530 2748; x_wconf 74' lang='lat' dir='ltr'>caelata</span> <span class='ocrx_word' id='word_1_226' title='bbox 542 2688 575 2745; x_wconf 92' lang='lat' dir='ltr'>in</span> <span class='ocrx_word' id='word_1_227' title='bbox 588 2687 714 2768; x_wconf 86' lang='lat' dir='ltr'>clypeo,</span> <span class='ocrx_word' id='word_1_228' title='bbox 729 2687 768 2746; x_wconf 87' lang='lat' dir='ltr'>ad</span> <span class='ocrx_word' id='word_1_229' title='bbox 780 2687 982 2747; x_wconf 89' lang='lat' dir='ltr'>indicandam</span> <span class='ocrx_word' id='word_1_230' title='bbox 992 2688 1091 2747; x_wconf 90' lang='lat' dir='ltr'>Turni</span> 
     </span>
     <span class='ocr_line' id='line_1_28' title="bbox 38 2775 1092 2860; baseline -0.003 -21"><span class='ocrx_word' id='word_1_231' title='bbox 38 2781 211 2860; x_wconf 78' lang='lat' dir='ltr'>originem,</span> <span class='ocrx_word' id='word_1_232' title='bbox 222 2778 260 2837; x_wconf 91' lang='lat' dir='ltr'>de</span> <span class='ocrx_word' id='word_1_233' title='bbox 270 2797 333 2859; x_wconf 91' lang='lat' dir='ltr'>quo</span> <span class='ocrx_word' id='word_1_234' title='bbox 344 2799 435 2860; x_wconf 89' lang='lat' dir='ltr'>supra</span> <span class='ocrx_word' id='word_1_235' title='bbox 444 2823 452 2850; x_wconf 86' lang='lat'>,</span> <span class='ocrx_word' id='word_1_236' title='bbox 462 2776 608 2852; x_wconf 74' lang='lat' dir='ltr'>inachus,</span> <span class='ocrx_word' id='word_1_237' title='bbox 621 2777 806 2858; x_wconf 83' lang='lat' dir='ltr'>Acrisiusque</span> <span class='ocrx_word' id='word_1_238' title='bbox 813 2791 924 2858; x_wconf 86' lang='lat' dir='ltr'>patres,</span> <span class='ocrx_word' id='word_1_239' title='bbox 935 2775 1092 2857; x_wconf 75' lang='lat' dir='ltr'>medicoque</span> 
     </span>
     <span class='ocr_line' id='line_1_29' title="bbox 37 2863 1089 2950; baseline -0.004 -22"><span class='ocrx_word' id='word_1_240' title='bbox 37 2871 197 2950; x_wconf 63' lang='lat' dir='ltr'>Mycenae:</span> <span class='ocrx_word' id='word_1_241' title='bbox 212 2875 276 2925; x_wconf 88' lang='lat' dir='ltr'>erat</span> <span class='ocrx_word' id='word_1_242' title='bbox 288 2867 393 2946; x_wconf 90' lang='lat' dir='ltr'>itaque</span> <span class='ocrx_word' id='word_1_243' title='bbox 405 2863 548 2926; x_wconf 81' lang='lat' dir='ltr'>caelatura</span> <span class='ocrx_word' id='word_1_244' title='bbox 561 2863 615 2923; x_wconf 87' lang='lat' dir='ltr'>illa</span> <span class='ocrx_word' id='word_1_245' title='bbox 628 2867 729 2946; x_wconf 75' lang='lat' dir='ltr'>ingens</span> <span class='ocrx_word' id='word_1_246' title='bbox 741 2878 945 2946; x_wconf 73' lang='lat' dir='ltr'>argumentum</span> <span class='ocrx_word' id='word_1_247' title='bbox 958 2865 1089 2944; x_wconf 88' lang='lat' dir='ltr'>generis.</span> 
     </span>
    </p>

    <p class='ocr_par' dir='ltr' id='par_1_7' title="bbox 35 2949 1090 3214">
     <span class='ocr_line' id='line_1_30' title="bbox 80 2949 1089 3036; baseline -0.004 -22"><span class='ocrx_word' id='word_1_248' title='bbox 80 2953 149 3036; x_wconf 87' lang='lat'>793.</span> <span class='ocrx_word' id='word_1_249' title='bbox 173 2955 247 3014; x_wconf 86' lang='lat' dir='ltr'>Post</span> <span class='ocrx_word' id='word_1_250' title='bbox 271 2973 355 3012; x_wconf 91' lang='lat' dir='ltr'>arma</span> <span class='ocrx_word' id='word_1_251' title='bbox 374 2953 472 3012; x_wconf 89' lang='lat' dir='ltr'>Turni</span> <span class='ocrx_word' id='word_1_252' title='bbox 491 2953 630 3034; x_wconf 90' lang='lat' dir='ltr'>sequitur</span> <span class='ocrx_word' id='word_1_253' title='bbox 648 2951 835 3028; x_wconf 80' lang='lat' dir='ltr'>comitatus3</span> <span class='ocrx_word' id='word_1_254' title='bbox 857 2954 954 3012; x_wconf 87' lang='lat' dir='ltr'>immo</span> <span class='ocrx_word' id='word_1_255' title='bbox 975 2949 1089 3010; x_wconf 80' lang='lat' dir='ltr'>nimbus</span> 
     </span>
     <span class='ocr_line' id='line_1_31' title="bbox 36 3041 1089 3124; baseline -0.006 -18"><span class='ocrx_word' id='word_1_256' title='bbox 36 3044 78 3106; x_wconf 89' lang='lat' dir='ltr'>ad</span> <span class='ocrx_word' id='word_1_257' title='bbox 96 3043 274 3104; x_wconf 88' lang='lat' dir='ltr'>horrorem:</span> <span class='ocrx_word' id='word_1_258' title='bbox 290 3055 354 3102; x_wconf 91' lang='lat' dir='ltr'>tota</span> <span class='ocrx_word' id='word_1_259' title='bbox 367 3043 492 3123; x_wconf 86' lang='lat' dir='ltr'>agmina</span> <span class='ocrx_word' id='word_1_260' title='bbox 506 3063 576 3102; x_wconf 91' lang='lat' dir='ltr'>cum</span> <span class='ocrx_word' id='word_1_261' title='bbox 590 3042 721 3124; x_wconf 78' lang='lat' dir='ltr'>clypeis,</span> <span class='ocrx_word' id='word_1_262' title='bbox 743 3056 771 3102; x_wconf 88' lang='lat' dir='ltr'>et</span> <span class='ocrx_word' id='word_1_263' title='bbox 785 3041 850 3104; x_wconf 77' lang='lat' dir='ltr'>haec</span> <span class='ocrx_word' id='word_1_264' title='bbox 865 3043 958 3102; x_wconf 88' lang='lat' dir='ltr'>densa</span> <span class='ocrx_word' id='word_1_265' title='bbox 974 3054 1003 3100; x_wconf 87' lang='lat' dir='ltr'>et</span> <span class='ocrx_word' id='word_1_266' title='bbox 1015 3061 1089 3100; x_wconf 91' lang='lat' dir='ltr'>con-</span> 
     </span>
     <span class='ocr_line' id='line_1_32' title="bbox 35 3131 1090 3214; baseline -0.006 -20"><span class='ocrx_word' id='word_1_267' title='bbox 35 3135 128 3194; x_wconf 84' lang='lat' dir='ltr'>ferta.</span> <span class='ocrx_word' id='word_1_268' title='bbox 150 3133 194 3191; x_wconf 84' lang='lat' dir='ltr'>Ex</span> <span class='ocrx_word' id='word_1_269' title='bbox 214 3153 277 3212; x_wconf 92' lang='lat' dir='ltr'>quo</span> <span class='ocrx_word' id='word_1_270' title='bbox 294 3144 397 3190; x_wconf 87' lang='lat' dir='ltr'>autem</span> <span class='ocrx_word' id='word_1_271' title='bbox 410 3133 509 3193; x_wconf 82' lang='lat' dir='ltr'>milite</span> <span class='ocrx_word' id='word_1_272' title='bbox 521 3131 653 3192; x_wconf 86' lang='lat' dir='ltr'>conllata</span> <span class='ocrx_word' id='word_1_273' title='bbox 666 3131 731 3192; x_wconf 80' lang='lat' dir='ltr'>haec</span> <span class='ocrx_word' id='word_1_274' title='bbox 745 3132 889 3214; x_wconf 79' lang='lat' dir='ltr'>agmina?</span> <span class='ocrx_word' id='word_1_275' title='bbox 902 3133 1040 3213; x_wconf 87' lang='lat' dir='ltr'>primum</span> <span class='ocrx_word' id='word_1_276' title='bbox 1054 3151 1090 3188; x_wconf 90' lang='lat' dir='ltr'>ex</span> 
     </span>
    </p>

    <p class='ocr_par' dir='ltr' id='par_1_8' title="bbox 14 3221 1087 3482">
     <span class='ocr_line' id='line_1_33' title="bbox 14 3221 1087 3306; baseline -0.006 -22"><span class='ocrx_word' id='word_1_277' title='bbox 14 3223 201 3306; x_wconf 63' lang='lat' dir='ltr'>,juventute</span> <span class='ocrx_word' id='word_1_278' title='bbox 223 3224 431 3304; x_wconf 81' lang='lat' dir='ltr'>Argivorum3</span> <span class='ocrx_word' id='word_1_279' title='bbox 462 3243 536 3281; x_wconf 88' lang='lat' dir='ltr'>nam</span> <span class='ocrx_word' id='word_1_280' title='bbox 560 3225 682 3282; x_wconf 86' lang='lat' dir='ltr'>Turnus</span> <span class='ocrx_word' id='word_1_281' title='bbox 710 3222 774 3303; x_wconf 86' lang='lat' dir='ltr'>ipse</span> <span class='ocrx_word' id='word_1_282' title='bbox 797 3223 921 3283; x_wconf 76' lang='lat' dir='ltr'>Graecus</span> <span class='ocrx_word' id='word_1_283' title='bbox 950 3221 1087 3302; x_wconf 88' lang='lat' dir='ltr'>origine:</span> 
     </span>
     <span class='ocr_line' id='line_1_34' title="bbox 35 3309 1087 3393; baseline -0.002 -23"><span class='ocrx_word' id='word_1_284' title='bbox 35 3311 153 3371; x_wconf 90' lang='lat' dir='ltr'>deinde</span> <span class='ocrx_word' id='word_1_285' title='bbox 165 3331 200 3369; x_wconf 86' lang='lat' dir='ltr'>ex</span> <span class='ocrx_word' id='word_1_286' title='bbox 212 3310 327 3371; x_wconf 87' lang='lat' dir='ltr'>Italica.</span> <span class='ocrx_word' id='word_1_287' title='bbox 347 3313 488 3370; x_wconf 84' lang='lat' dir='ltr'>Excurrit</span> <span class='ocrx_word' id='word_1_288' title='bbox 503 3309 554 3370; x_wconf 89' lang='lat' dir='ltr'>hic</span> <span class='ocrx_word' id='word_1_289' title='bbox 568 3332 623 3393; x_wconf 90' lang='lat' dir='ltr'>per</span> <span class='ocrx_word' id='word_1_290' title='bbox 636 3311 740 3392; x_wconf 88' lang='lat' dir='ltr'>plures</span> <span class='ocrx_word' id='word_1_291' title='bbox 753 3311 905 3392; x_wconf 86' lang='lat' dir='ltr'>populos,</span> <span class='ocrx_word' id='word_1_292' title='bbox 920 3309 958 3369; x_wconf 92' lang='lat' dir='ltr'>de</span> <span class='ocrx_word' id='word_1_293' title='bbox 974 3309 1087 3389; x_wconf 88' lang='lat' dir='ltr'>quibus</span> 
     </span>
     <span class='ocr_line' id='line_1_35' title="bbox 37 3400 823 3482; baseline -0.003 -22"><span class='ocrx_word' id='word_1_294' title='bbox 37 3401 112 3460; x_wconf 84' lang='lat' dir='ltr'>vide</span> <span class='ocrx_word' id='word_1_295' title='bbox 124 3401 292 3460; x_wconf 81' lang='lat' dir='ltr'>Excursum</span> <span class='ocrx_word' id='word_1_296' title='bbox 305 3400 379 3476; x_wconf 91' lang='lat' dir='ltr'>Vll,</span> <span class='ocrx_word' id='word_1_297' title='bbox 395 3414 470 3461; x_wconf 90' lang='lat' dir='ltr'>tom.</span> <span class='ocrx_word' id='word_1_298' title='bbox 484 3400 544 3476; x_wconf 96' lang='lat' dir='ltr'>lll,</span> <span class='ocrx_word' id='word_1_299' title='bbox 559 3418 629 3482; x_wconf 87' lang='lat' dir='ltr'>pag.</span> <span class='ocrx_word' id='word_1_300' title='bbox 645 3401 698 3460; x_wconf 84' lang='lat'>381</span> <span class='ocrx_word' id='word_1_301' title='bbox 713 3401 823 3479; x_wconf 72' lang='lat' dir='ltr'>&#39;et&#39;395.</span> 
     </span>
    </p>
   </div>
   <div class='ocr_carea' id='block_1_3' title="bbox 35 3575 1088 4140">
    <p class='ocr_par' dir='ltr' id='par_1_9' title="bbox 35 3575 1088 4140">
     <span class='ocr_line' id='line_1_36' title="bbox 75 3575 1087 3660; baseline -0.002 -20"><span class='ocrx_word' id='word_1_302' title='bbox 75 3589 138 3658; x_wconf 88' lang='lat'>789.</span> <span class='ocrx_word' id='word_1_303' title='bbox 160 3587 197 3638; x_wconf 80' lang='lat' dir='ltr'>At</span> <span class='ocrx_word' id='word_1_304' title='bbox 216 3587 297 3638; x_wconf 85' lang='lat' dir='ltr'>levem</span> <span class='ocrx_word' id='word_1_305' title='bbox 316 3585 444 3658; x_wconf 84' lang='lat' dir='ltr'>clypeum.</span> <span class='ocrx_word' id='word_1_306' title='bbox 466 3575 541 3641; x_wconf 86' lang='lat' dir='ltr'>Hanc¹</span> <span class='ocrx_word' id='word_1_307' title='bbox 622 3605 681 3657; x_wconf 88' lang='lat'>790.</span> <span class='ocrx_word' id='word_1_308' title='bbox 700 3587 852 3660; x_wconf 74' lang='lat' dir='ltr'>Jnsipnilmt.</span> <span class='ocrx_word' id='word_1_309' title='bbox 874 3585 955 3658; x_wconf 86' lang='lat' dir='ltr'>Signo</span> <span class='ocrx_word' id='word_1_310' title='bbox 969 3602 1017 3636; x_wconf 89' lang='lat' dir='ltr'>suo</span> <span class='ocrx_word' id='word_1_311' title='bbox 1034 3585 1087 3638; x_wconf 90' lang='lat' dir='ltr'>cla-</span> 
     </span>
     <span class='ocr_line' id='line_1_37' title="bbox 36 3665 1087 3740; baseline -0.002 -20"><span class='ocrx_word' id='word_1_312' title='bbox 36 3667 541 3740; x_wconf 75' lang='lat' dir='ltr'>clypeidescriptionemcumaliisalio-</span> <span class='ocrx_word' id='word_1_313' title='bbox 586 3687 645 3719; x_wconf 89' lang='lat' dir='ltr'>rum</span> <span class='ocrx_word' id='word_1_314' title='bbox 667 3686 724 3720; x_wconf 89' lang='lat' dir='ltr'>esse</span> <span class='ocrx_word' id='word_1_315' title='bbox 743 3667 873 3727; x_wconf 83' lang='lat' dir='ltr'>faciebat,</span> <span class='ocrx_word' id='word_1_316' title='bbox 895 3683 943 3717; x_wconf 87' lang='lat' dir='ltr'>sua</span> <span class='ocrx_word' id='word_1_317' title='bbox 962 3665 1087 3718; x_wconf 86' lang='lat' dir='ltr'>caelatura</span> 
     </span>
     <span class='ocr_line' id='line_1_38' title="bbox 35 3746 949 3818; baseline -0.004 -18"><span class='ocrx_word' id='word_1_318' title='bbox 35 3767 99 3800; x_wconf 88' lang='lat' dir='ltr'>rum</span> <span class='ocrx_word' id='word_1_319' title='bbox 118 3757 260 3818; x_wconf 87' lang='lat' dir='ltr'>poetarum</span> <span class='ocrx_word' id='word_1_320' title='bbox 279 3763 438 3817; x_wconf 87' lang='lat' dir='ltr'>comparans</span> <span class='ocrx_word' id='word_1_321' title='bbox 458 3746 541 3799; x_wconf 86' lang='lat' dir='ltr'>Scali-</span> <span class='ocrx_word' id='word_1_322' title='bbox 586 3748 715 3818; x_wconf 89' lang='lat' dir='ltr'>insignem</span> <span class='ocrx_word' id='word_1_323' title='bbox 727 3747 852 3798; x_wconf 85' lang='lat' dir='ltr'>faciebat.</span> <span class='ocrx_word' id='word_1_324' title='bbox 864 3747 949 3798; x_wconf 63' lang='lat' dir='ltr'>Serv:</span> 
     </span>
     <span class='ocr_line' id='line_1_39' title="bbox 37 3823 1088 3900; baseline 0 -22"><span class='ocrx_word' id='word_1_325' title='bbox 37 3846 100 3900; x_wconf 86' lang='lat' dir='ltr'>ger,</span> <span class='ocrx_word' id='word_1_326' title='bbox 109 3825 214 3895; x_wconf 87' lang='lat' dir='ltr'>judicat</span> <span class='ocrx_word' id='word_1_327' title='bbox 221 3825 248 3876; x_wconf 90' lang='lat' dir='ltr'>in</span> <span class='ocrx_word' id='word_1_328' title='bbox 256 3823 366 3896; x_wconf 88' lang='lat' dir='ltr'>Virgilio</span> <span class='ocrx_word' id='word_1_329' title='bbox 375 3843 475 3875; x_wconf 87' lang='lat' dir='ltr'>meram</span> <span class='ocrx_word' id='word_1_330' title='bbox 484 3845 540 3880; x_wconf 88' lang='lat' dir='ltr'>esse</span> <span class='ocrx_word' id='word_1_331' title='bbox 621 3845 682 3898; x_wconf 87' lang='lat'>799.</span> <span class='ocrx_word' id='word_1_332' title='bbox 704 3827 989 3899; x_wconf 35' lang='lat' dir='ltr'>Circoeumqueliupum.</span> <span class='ocrx_word' id='word_1_333' title='bbox 1010 3825 1088 3878; x_wconf 86' lang='lat' dir='ltr'>Circa</span> 
     </span>
     <span class='ocr_line' id='line_1_40' title="bbox 39 3903 1086 3980; baseline -0.002 -23"><span class='ocrx_word' id='word_1_334' title='bbox 39 3925 168 3980; x_wconf 77' lang='lat' dir='ltr'>operam,</span> <span class='ocrx_word' id='word_1_335' title='bbox 184 3905 211 3954; x_wconf 91' lang='lat' dir='ltr'>in</span> <span class='ocrx_word' id='word_1_336' title='bbox 229 3903 287 3956; x_wconf 86' lang='lat' dir='ltr'>aliis</span> <span class='ocrx_word' id='word_1_337' title='bbox 307 3923 407 3954; x_wconf 87' lang='lat' dir='ltr'>meram</span> <span class='ocrx_word' id='word_1_338' title='bbox 424 3918 541 3958; x_wconf 82' lang='lat' dir='ltr'>ostenta·</span> <span class='ocrx_word' id='word_1_339' title='bbox 585 3909 657 3960; x_wconf 90' lang='lat' dir='ltr'>hunc</span> <span class='ocrx_word' id='word_1_340' title='bbox 665 3920 780 3960; x_wconf 83' lang='lat' dir='ltr'>tractum</span> <span class='ocrx_word' id='word_1_341' title='bbox 788 3908 939 3978; x_wconf 68' lang='lat' dir='ltr'>Campaniae</span> <span class='ocrx_word' id='word_1_342' title='bbox 948 3905 1086 3958; x_wconf 84' lang='lat' dir='ltr'>colebatur</span> 
     </span>
     <span class='ocr_line' id='line_1_41' title="bbox 37 3982 1086 4060; baseline -0.001 -24"><span class='ocrx_word' id='word_1_343' title='bbox 37 3989 152 4036; x_wconf 84' lang='lat' dir='ltr'>tionem.</span> <span class='ocrx_word' id='word_1_344' title='bbox 161 3982 314 4036; x_wconf 85' lang='lat' dir='ltr'>—Sublatis</span> <span class='ocrx_word' id='word_1_345' title='bbox 321 3983 445 4048; x_wconf 82' lang='lat' dir='ltr'>cornibus,</span> <span class='ocrx_word' id='word_1_346' title='bbox 457 3985 541 4054; x_wconf 86' lang='lat' dir='ltr'>idest,</span> <span class='ocrx_word' id='word_1_347' title='bbox 585 4008 653 4060; x_wconf 89' lang='lat' dir='ltr'>puer</span> <span class='ocrx_word' id='word_1_348' title='bbox 664 3990 781 4060; x_wconf 81' lang='lat' dir='ltr'>Jupiter,</span> <span class='ocrx_word' id='word_1_349' title='bbox 793 3989 838 4058; x_wconf 92' lang='lat' dir='ltr'>qui</span> <span class='ocrx_word' id='word_1_350' title='bbox 847 3987 970 4039; x_wconf 82' lang='lat' dir='ltr'>Anxurus</span> <span class='ocrx_word' id='word_1_351' title='bbox 981 3985 1086 4038; x_wconf 87' lang='lat' dir='ltr'>diceba-</span> 
     </span>
     <span class='ocr_line' id='line_1_42' title="bbox 36 4065 1086 4140; baseline -0.004 -20"><span class='ocrx_word' id='word_1_352' title='bbox 36 4065 412 4138; x_wconf 76' lang='lat' dir='ltr'>erectiszpacenostriGerdae</span> <span class='ocrx_word' id='word_1_353' title='bbox 420 4065 539 4121; x_wconf 77' lang='lat' dir='ltr'>dixerim.</span> <span class='ocrx_word' id='word_1_354' title='bbox 588 4081 642 4136; x_wconf 82' lang='lat' dir='ltr'>tur,</span> <span class='ocrx_word' id='word_1_355' title='bbox 664 4069 739 4140; x_wconf 87' lang='lat' dir='ltr'>quasi</span> <span class='ocrx_word' id='word_1_356' title='bbox 754 4067 806 4121; x_wconf 73' lang='lat' dir='ltr'>nu</span> <span class='ocrx_word' id='word_1_357' title='bbox 819 4069 900 4136; x_wconf 69' lang='grc' dir='ltr'>ξυροῦ,</span> <span class='ocrx_word' id='word_1_358' title='bbox 921 4066 1013 4131; x_wconf 82' lang='lat' dir='ltr'>idest,</span> <span class='ocrx_word' id='word_1_359' title='bbox 1031 4065 1086 4116; x_wconf 86' lang='lat' dir='ltr'>sine</span> 
     </span>
    </p>
   </div>
   <div class='ocr_carea' id='block_1_4' title="bbox 0 0 1326 4614">
    <p class='ocr_par' dir='ltr' id='par_1_10' title="bbox 0 0 1326 4614">
     <span class='ocr_line' id='line_1_43' title="bbox 0 0 1326 4614; baseline 0 0"><span class='ocrx_word' id='word_1_360' title='bbox 0 0 1326 4614; x_wconf 95' lang='lat' dir='ltr'> </span> 
     </span>
    </p>
   </div>
  </div>
 </body>
</html>
