2692 4594
201 241 260 304 152
526 227 908 294 COMMENTARIA

131 363 137 380 '
195 363 251 444 pio
263 383 270 419 :
283 359 450 419 obtruncat
461 345 580 436 quippe
594 351 646 412 ille
658 365 768 411 natum
780 365 851 411 ante
863 363 984 434 patrem
996 356 1181 437 saevissime,
1187 380 1244 448 pa·

195 469 277 514 trem
287 463 358 509 ante
367 447 448 506 Deos
459 443 652 526 impiissime.
661 443 714 502 Est
723 444 827 522 itaque
837 439 966 525 affectus
979 457 1009 502 et
1018 461 1243 532 argumentum

195 543 330 626 petitum
343 559 360 596 a
373 533 614 596 circumstantiis
626 552 744 605 rerum,
757 551 973 614 personarum,
985 529 1140 604 locorum.

236 627 304 704 664.
313 622 501 686 Inflammati
510 621 681 685 admodum
691 619 822 682 affectus
831 642 904 683 cum
912 619 1115 706 apostrophe,
1129 637 1161 686 et
1171 645 1246 686 con·

197 719 359 804 questione
379 713 417 774 ad
432 713 598 784 Venerem3
620 709 690 770 ideo
709 732 759 770 mc
776 709 814 770 ab'
834 707 977 772 hostibus
994 711 1087 794 eripis
1106 713 1142 772 in
1159 715 1244 794 regia

195 807 329 880 Priami,
349 817 383 864 nt
398 803 430 861 in
445 803 520 860 meis
535 799 653 878 aedibus
667 797 791 859 hostem
803 797 944 868 videam?
960 813 995 859 ut
1009 821 1135 864 cernam
1152 801 1247 862 Asca-

196 899 302 968 nium,
321 907 456 974 patrem,
476 909 618 963 uxorem,
639 907 747 960 omnes
760 885 908 948 trucidari
922 886 1117 972 volutarique
1130 903 1247 950 mutuo
1334 895 1335 966 ξ

1234 975 1248 1002 ,
1334 985 1335 990 ,

197 979 366 1062 sanguine?
385 977 460 1060 quid
477 975 537 1036 hoc
553 973 731 1058 spectaculo
747 973 924 1056 indignius,
946 979 1069 1052 saevius,
1089 978 1243 1066 atrocium

195 1073 252 1133 His
268 1065 486 1152 proculdubio
500 1079 600 1124 terror
612 1065 766 1123 maximus
779 1063 921 1124 Anchisae
935 1061 1089 1150 injicitur,
1099 1079 1133 1140 ,et
1145 1085 1246 1150 pavor

197 1157 352 1234 insolitus,
363 1177 399 1218 ac
409 1156 517 1214 mortis
528 1155 631 1233 imago
643 1151 809 1214 saevissima
816 1176 825 1228 3
841 1148 914 1212 nam
924 1176 962 1214 eo
973 1175 1149 1214 sermonem
1160 1154 1246 1224 bunc
1334 1159 1335 1192 ³

196 1251 305 1309 AEneas
318 1245 470 1316 destinat,
483 1239 626 1312 alludens
640 1239 679 1298 ad
694 1240 810 1300 caedem
823 1241 955 1318 Priami,
970 1255 1001 1302 et
1012 1237 1131 1309 Politae.

236 1339 304 1398 668.
321 1333 427 1410 Quum
443 1327 525 1391 nihil
543 1329 647 1384 videat
659 1327 820 1407 prodesse,
838 1328 914 1386 furit
931 1352 966 1386 en
981 1329 1247 1412 rerumdespera-

198 1429 298 1500 tione,
308 1417 438 1504 propter
451 1417 693 1476 obstinationem
706 1417 821 1498 patris:
838 1417 871 1476 in
881 1416 982 1478 verbis
993 1419 1075 1481 inest
1084 1419 1180 1480 ardor
1189 1423 1248 1482 mi·

195 1517 307 1576 litaris.
317 1507 401 1569 Nihil
413 1504 465 1565 bic
476 1503 631 1586 expendo,
647 1504 797 1590 quianon
809 1527 939 1588 possum
951 1530 957 1566 :
974 1507 1007 1568 id
1016 1507 1120 1570 solum
1128 1509 1245 1584 dicam,

194 1603 354 1664 neminem
367 1593 517 1654 hactenus
530 1613 665 1676 aequasse
679 1595 758 1654 istos
774 1591 914 1656 affectus.
927 1597 1045 1660 Reddite
1057 1619 1103 1658 nte
1113 1601 1244 1678 Dormis,

197 1689 314 1750 scilicet
326 1705 362 1744 ex
375 1681 488 1762 quibus
501 1701 550 1739 me
562 1694 660 1740 mater
672 1683 805 1764 eripuit:
820 1685 878 1759 ait,
889 1687 989 1760 sinite,
1001 1687 1075 1768 quia
1088 1683 1245 1750 retineba-

196 1793 258 1838 tur.
280 1775 358 1833 Sunt
375 1773 548 1844 instaurata,
571 1785 736 1846 renovata,
756 1787 787 1832 et
804 1771 1033 1850 crudescentia,
1054 1789 1135 1836 certe
1155 1795 1246 1837 reno·

195 1863 299 1924 sanda
313 1884 330 1920 a
342 1881 400 1920 me.
413 1855 565 1934 Subeant,
581 1861 704 1935 Lector,
724 1882 793 1952 quae
810 1883 892 1948 saepe
910 1861 1002 1927 nobis
1014 1865 1096 1927 dicta
1112 1865 1152 1927 de
1164 1886 1244 1944 eona·

196 1954 373 2028 mutatione
393 1947 647 2031 participiorum.
673 1953 837 2036 Nunquam
860 1953 1066 2033 amnestia&
1082 1957 1247 2036 'moriemur

196 2039 298 2116 inulti,
320 2052 379 2115 est,
398 2039 424 2100 si
444 2035 542 2120 aliqui
557 2036 624 2120 jam
642 2042 759 2108 mortui
779 2039 963 2122 sunt'inulti
980 2044 1013 2102 in
1030 2042 1090 2106 boc
1107 2042 1246 2117 excidio,

197 2144 279 2202 certe
290 2150 355 2190 non
365 2147 472 2203 ornnes
483 2129 526 2186 ita
535 2123 630 2193 hodia
640 2131 812 2192 moriemur
822 2153 828 2189 :
840 2143 885 2190 est
893 2135 1044 2213 numnam
1054 2129 1243 2208 nullatemus,

197 2237 407 2300 nequaquam.
416 2221 558 2298 7ltpinoa
570 2217 630 2291 yiri
644 2216 734 2278 fortis
747 2241 753 2277 :
768 2232 931 2304 qptaverat
941 2221 1070 2296 armari,
1083 2233 1114 2298 et
1124 2219 1167 2295 ad
1175 2217 1245 2283 hos·

198 2324 244 2372 tes
257 2299 397 2381 tendere3
410 2319 579 2388 utrumque
591 2303 643 2366 hic
659 2307 778 2388 perficit
790 2330 894 2392 opere.

238 2395 307 2476 673.
326 2379 367 2452 llt
384 2393 498 2472 conjux
516 2407 633 2454 avertat
651 2393 815 2478 conjugem
835 2395 874 2456 ab
884 2396 1021 2478 [efferato
1040 2412 1075 2474 et,
1086 2397 1244 2478 praecipiti

198 2483 346 2566 c'onsil'ip,
359 2481 425 2562 ipsa
437 2477 531 2541 haeret
543 2481 575 2540 in
588 2483 713 2559 limine,
726 2483 891 2568 complexu
903 2487 1028 2558 retinet3
1040 2483 1244 2566 puerumzola·

194 2572 264 2651 jicit
276 2585 287 2627 ε·
299 2583 329 2628 et
341 2571 414 2649 quia
428 2569 510 2628 facta
523 2590 588 2629 non
602 2573 690 2646 satis,
703 2571 791 2633 addit
802 2573 897 2633 verba
908 2573 1001 2654 plena
1012 2573 1135 2656 magnis
1152 2569 1243 2633 affec·

196 2658 294 2732 tibus3
314 2671 344 2750 ep
359 2677 428 2738 quae
442 2671 585 2718 ruentem
600 2660 703 2746 pirum
716 2661 838 2742 potius,
856 2682 951 2746 quam
966 2657 1147 2742 complexus
1163 2661 1244 2740 ipse,

196 2739 360 2812 retineant.
374 2749 420 2806 An
436 2749 500 2838 ruis
516 2749 548 2806 in
561 2749 707 2810 exitium?
719 2772 758 2809 an
771 2751 805 2810 in
815 2771 902 2837 spem
913 2747 1038 2823 salutis?
1049 2750 1074 2832 si
1087 2751 1245 2831 primum,

196 2852 330 2895 extrema
344 2857 401 2916 ego
414 2857 540 2920 quoque
553 2832 653 2919 tectim
665 2837 779 2914 feram„
793 2851 822 2898 et
837 2859 946 2901 omnes
961 2835 1072 2924 Sintula
1084 2858 1159 2920 rape
1169 2835 1245 2916 erga

195 2946 253 2984 nos
263 2939 379 2984 tecum:
394 2926 418 2984 si
430 2925 578 3004 alterum,
591 2949 646 2986 cur
655 2946 721 2990 non
730 2919 811 3006 salus
820 2916 949 3014 paratur
960 2925 1158 3010 domnitam?
1168 2946 1247 3006 egge,

145 3020 150 3036 ⁸
196 3024 297 3070 tutare
308 3010 388 3091 hanc
403 3011 552 3072 domurn:
568 3007 642 3074 nam
654 3017 703 3074 cui
717 3015 832 3100 deseris
847 3037 980 3103 parvum
992 3014 1108 3096 fitium,
1119 3024 1245 3096 patrem

197 3119 317 3174 senem,
336 3101 479 3158 miseram
494 3103 672 3182 conjugem,
693 3125 762 3184 quae
771 3097 837 3184 jam
850 3126 916 3164 non
929 3117 996 3179 tua,
1014 3099 1067 3162 sed
1080 3098 1243 3182 quondam

197 3185 268 3248 tua?
280 3187 401 3247 Desinit
415 3205 588 3249 sermonem
602 3193 635 3248 in
650 3193 903 3271 vociferationes,
916 3191 1083 3266 clamores,
1095 3191 1247 3270 gemitus.

221 3279 303 3373 ato.
316 3279 474 3360 Peripetla
487 3280 604 3341 idoneo
614 3281 686 3343 loco
700 3281 828 3343 inducta
839 3306 846 3340 z
859 3303 932 3343 nam
943 3284 1025 3342 inter
1034 3277 1244 3361 miserabilem

231 3469 1242 3554 WQQQQQQQQQMW

196 3558 263 3624 0²¹³&
274 3545 344 3597 alma
353 3568 452 3624 patetis
462 3553 586 3626 Ostendit
596 3569 707 3628 materr
740 3569 860 3628 septum,
881 3559 1040 3628 insertarnus
1059 3570 1184 3620 manum,
1201 3552 1243 3614 ἱμ-

195 3643 231 3676 na
255 3623 385 3678 beneficia
409 3636 527 3686 converti
553 3637 579 3686 in
603 3639 694 3706 perni-
739 3635 872 3690 sertorium
886 3634 948 3691 dici.
965 3632 1243 3704 Taulm·-·.I²,25²²'lt²·

198 3703 381 3756 ciemfflfflwl·
644 3701 646 3708 ’
740 3715 805 3772 bam.
828 3711 1033 3768 Cunctationctn
1051 3699 1241 3780 ostendit'hoc

220 3781 1241 3864 'Qffwfflmmmfflmmmfflmmmmwfflm

197 3861 694 3944 VffifflfflfflmfflmffiwQK
740 3868 1242 3950 fflmmwmmmfflwmfflm

197 3931 228 4007 [μ
248 3939 293 3991 ubi
311 3931 406 4007 docet,
423 3942 487 3995 illud
503 3951 581 4022 scuti¹
591 3950 694 4016 losum,
741 3963 766 4003 et
773 3950 887 4022 ferebam
895 3989 904 4018 ,
918 3951 991 4006 dixit.
1004 3951 1073 4006 Sero.

1210 4027 1222 4056 l
