2670 4596
254 277 285 344 χι
528 265 593 332 DE
617 264 851 330 CARMINE
874 268 1029 336 Erico

253 407 322 476 mis
331 405 588 494 angustantur,
606 386 733 460 heroes
743 406 894 460 manent
904 397 1017 463 nostri
1029 397 1188 466 nimium
1201 402 1294 468 simi·

251 517 322 604 las,
344 536 410 584 nec
424 511 505 580 satis
523 507 597 592 sui,
619 519 653 573 et
670 501 788 574 multo
810 509 932 576 minus
949 506 1024 579 illic
1042 515 1292 608 conspiciendi

170 709 172 712 ,
254 641 434 731 prostant,
464 644 576 720 quam
602 623 641 688 in
669 615 903 690 historiarum
928 631 1204 714 monumentis,
1231 628 1292 700 ubi

253 773 337 820 vera
355 741 479 814 saitem
499 753 533 807 et
554 733 653 806 nuda
671 751 858 807 tantorum
879 741 1089 811 animorum
1105 740 1214 816 facies
1233 773 1295 844 ap-

253 876 354 963 paret
367 873 475 952 atque
486 853 658 922 consistit.

300 971 504 1050 Necessario
525 967 636 1062 igitur
655 962 832 1034 miracula
851 981 938 1036 sunt
958 965 1188 1062 adhibenda,
1214 1001 1294 1071 quae

252 1081 509 1166 tantummodo
520 1083 570 1152 sic
578 1077 825 1176 eligantur,ut
835 1083 1294 1187 temporisilliusetgentis,

253 1211 298 1280 de
318 1201 451 1304 quibus
471 1199 609 1294 agitur,
633 1193 816 1292 religioni,
838 1212 901 1266 aut
918 1200 947 1267 si
966 1199 1016 1270 ita
1032 1225 1087 1271 res
1101 1198 1211 1291 ferat,
1232 1230 1294 1274 su-

252 1320 472 1427 perstitioni,
493 1312 607 1384 modo
623 1310 800 1410 jucundae
818 1338 859 1383 ac
874 1312 1031 1405 decorae,
1054 1335 1158 1390 caute
1176 1325 1250 1392 sint
1265 1339 1295 1392 et

253 1443 430 1538 sapienter
443 1427 728 1502 accommodata.

306 1551 381 1626 ltlis
402 1551 466 1645 qui
488 1544 631 1615 decreto
654 1560 845 1632 caverunt,
870 1565 916 1616 ne
936 1563 1042 1643 poeta
1063 1553 1132 1620 nisi
1157 1577 1200 1621 ex
1221 1577 1292 1624 suae

250 1669 364 1768 gentis
378 1655 571 1732 annalibus
584 1673 842 1754 argumentum
855 1659 1019 1748 duceret,
1039 1660 1205 1762 obsequii
1222 1671 1292 1737 mi-

250 1808 322 1856 nus
337 1777 459 1875 deberi
472 1772 596 1844 fateor.
614 1773 676 1842 Est
689 1797 775 1844 sane
790 1775 884 1844 inter
897 1791 1012 1871 poetae
1026 1774 1152 1848 laudes
1167 1805 1291 1852 nume

251 1896 427 1976 randum,
451 1893 480 1962 si
504 1893 585 1986 pius
609 1891 696 1958 civis
715 1893 869 1986 patriam
892 1889 1141 1977 celebraverit;
1167 1913 1201 1966 et
1223 1902 1292 1984 sic,

250 2009 448 2088 mulcendo
464 2002 635 2104 superbas
652 2028 805 2075 snorum
820 2030 942 2092 aures,
959 2012 1168 2081 attentiores
1181 2037 1293 2084 mere·

249 2152 320 2206 tur.
345 2130 429 2200 Non
445 2141 567 2196 tamen
585 2119 646 2190 ille
664 2119 841 2191 Miltonus
861 2124 955 2192 intra
976 2123 1173 2197 Britanniae
1187 2126 1292 2200 litora

176 2317 181 2324 ,
249 2244 419 2326 constitit,
428 2258 655 2336 quemnemo
665 2231 711 2303 ab
721 2233 831 2330 epicis
841 2231 946 2304 facile
956 2240 1087 2332 poterit
1096 2263 1289 2339 segregare.

249 2361 473 2450 Quanquam
495 2347 535 2417 id
556 2371 705 2443 quoque
725 2345 915 2444 objicitur,
939 2347 1047 2418 iilum
1068 2354 1097 2419 si
1117 2377 1290 2438 non-suae

249 2471 426 2568 gentis,at
437 2458 538 2558 quod
549 2456 669 2528 multo
679 2461 788 2528 satius
799 2474 867 2546 est,
883 2462 994 2528 totius
1004 2459 1102 2532 orbis
1113 2478 1290 2536 terrarum

248 2597 414 2676 tractasse
434 2575 523 2663 fata,
548 2589 582 2644 et
602 2572 694 2642 dum
717 2576 854 2670 generis
877 2571 1033 2644 humani
1054 2579 1288 2652 incunabulis

248 2701 469 2800 majestatem
483 2690 602 2779 addit,
625 2715 669 2762 se
679 2688 783 2762 nulla
797 2715 874 2762 non
893 2689 939 2763 de
953 2708 1057 2790 gente
1075 2693 1170 2767 bene
1183 2701 1290 2770 meri·

248 2836 348 2903 tum,
362 2811 538 2883 universis
554 2809 653 2878 terris
668 2809 846 2878 cecinisse.

471 2981 626 3078 Epopoea
641 2975 715 3048 vult
728 2973 895 3072 conscribi
908 2973 1064 3048 versibus.
1106 3071 1109 3080 Ι
1191 2983 1193 2988 ’

304 3143 548 3240 Disputationi
571 3136 835 3236 relinquendus
855 3155 906 3210 est
928 3142 992 3210 iste
1015 3138 1143 3212 locus:
1177 3148 1290 3242 magis

184 3301 187 3306 -
248 3269 388 3328 constat
396 3253 493 3350 Epos
503 3249 663 3332 versibus
675 3275 747 3325 esse
759 3251 1076 3332 conscribendum.
1094 3254 1178 3325 Hoc
1192 3261 1289 3328 enim

248 3378 329 3472 quis
340 3369 517 3468 ambigat,
533 3356 601 3438 nisi
613 3373 677 3466 qui
691 3369 852 3442 versibus
866 3369 1066 3442 condendis
1081 3376 1203 3470 impar
1216 3379 1292 3470 ipse

248 3483 316 3558 sit?
338 3481 775 3570 Marmontellustamcn,
799 3482 900 3557 haud
924 3485 1290 3583 ignobilisversuum

249 3611 395 3682 auctor,
407 3611 532 3666 eontra
542 3598 663 3682 sentit,
676 3599 973 3692 isquemetricam
983 3604 1291 3696 compositionem

249 3709 379 3810 procul
393 3709 440 3782 ab
453 3715 561 3808 epicis
576 3711 845 3786 narrationibus
858 3715 1024 3789 absistere
1033 3773 1042 3804 ,
1051 3717 1292 3816 ,pedestrique

247 3829 404 3898 orationi
421 3851 611 3924 pegaseum
626 3833 834 3926 equitatum·
846 3831 974 3914 cedere
982 3841 1146 3931 ‚aequant
1157 3852 1290 3918 censet.

303 3974 317 4004 a
330 3943 473 4030 Rectus,
485 3944 615 4040 inquit,
630 3968 764 4032 sermo,
777 3944 924 4022 liberior
933 3946 1295 4047 faciliorque,liben·
1323 3991 1324 4068 p

1323 4073 1324 4105 i
