2692 4594
321 319 372 380 ru
396 316 635 382 numnos
660 319 754 382 nm.
779 321 841 384 ιν.
1040 299 1109 415 227'

88 443 145 503 65.
157 441 351 500 Exclamatio
364 443 398 500 in
413 443 663 523 superstitionem
676 445 866 526 aruspicum,
881 457 911 503 et
926 458 1041 523 vatum,
1050 455 1104 531 qui

49 552 165 592 omnes
187 532 275 604 veni,
296 532 351 590 ubi
371 551 460 590 amor
479 533 513 590 in
530 535 736 614 praecipitium
755 536 854 615 rapit:
869 555 957 616 ergo,
975 539 1047 618 quid
1053 537 1103 623 ju·

49 619 283 703 ountfitrentem
291 621 378 680 uota?
389 641 463 679 nam
474 635 693 700 praecesserunt
704 622 868 696 sacrificia3
880 624 952 705 quid
961 624 1105 687 delubra?

49 705 1105 790 namjam,prinoipiodelubraadeuntllatio,curignarivates,curista

49 797 135 858 nihil
149 800 288 880 prosint,
304 801 377 880 quia
381 799 511 882 flamma
524 812 566 859 est
574 798 715 860 medullas
720 847 729 875 ,
741 799 855 859 scilicet
865 803 979 878 exedit,
999 819 1028 864 et
1041 808 1107 866 vul-

51 909 112 946 nus
127 889 207 946 vivit
218 888 251 947 iu
266 887 374 962 corde;
390 909 464 946 uam
478 886 536 948 sub
550 903 687 969 pectore:
699 889 843 949 medullae
858 902 891 948 ut
905 889 1005 950 molles
1020 893 1106 954 flem-

50 999 140 1036 mam
148 979 633 1059 concipiunt,vulnusuttacimm
642 981 722 1060 repit
729 980 869 1055 latenter,
877 991 906 1037 et
913 983 1106 1045 recrudescit.

91 1071 145 1129 68.
162 1069 246 1127 Hinc
256 1081 299 1128 est
311 1087 442 1145 necesse,
455 1081 489 1129 ut
502 1090 567 1128 non
581 1070 685 1129 solum
696 1084 804 1129 uretur
813 1072 897 1131 intus
907 1105 915 1147 ,
927 1086 960 1130 ut
970 1093 1039 1131 vere
1049 1077 1108 1133 uri-

52 1167 120 1231 tur;
143 1153 199 1214 sed
221 1156 316 1215 etiam
329 1169 362 1216 ut
384 1156 518 1217 llammae
539 1179 570 1216 se
587 1157 737 1238 prodant,
763 1171 792 1218 st
815 1170 939 1218 ut-sunt
960 1161 1108 1242 inquietae

52 1260 83 1304 et
95 1244 228 1320 vividae‚
241 1245 396 1306 furentem
412 1245 549 1329 agitent,¹
566 1247 745 1328 faciantque
761 1263 926 1329 uagantem
941 1248 1019 1309 urbe
1033 1265 1108 1311 tote.

52 1333 134 1392 Sunt
148 1336 235 1392 enim
250 1355 355 1411 causa,
369 1349 399 1394 et
411 1335 559 1394 effectus:
574 1357 648 1394 nam
662 1339 735 1417 quia
751 1337 834 1406 intus
850 1339 965 1412 uritur,
981 1338 1051 1397 ideo
1063 1339 1110 1398 fo·

52 1427 93 1482 ris
109 1435 244 1504 vagatur
258 1424 363 1484 furens
381 1424 459 1486 urbe
471 1439 546 1486 tota.
559 1429 705 1508 Sequitur
719 1427 757 1486 ad
772 1427 992 1488 illustrandum
1014 1429 1110 1488 Dido·

54 1512 103 1570 uis
119 1531 273 1590 amorem,
284 1513 395 1574 melius
403 1514 555 1589 furorem,
569 1517 763 1596 comparatio
776 1533 888 1574 cervae:
900 1536 982 1595 quae,
995 1516 1050 1574 ubi
1062 1535 1110 1573 ve-

55 1621 179 1660 nenum
191 1624 246 1684 per
256 1603 368 1664 vulnus
383 1609 513 1686 accepit,
525 1619 555 1665 et
566 1605 654 1665 lateri
667 1607 777 1684 sagitta
788 1603 891 1679 hae'sit,
903 1603 964 1664 huc
973 1605 1046 1666 illuc
1056 1625 1111 1686 per

54 1693 124 1750 avia
145 1695 283 1774 rapitur,
299 1694 414 1776 sylvas,
437 1709 575 1770 montes,
595 1717 733 1755 nemora.
751 1697 804 1754 Est
818 1697 905 1754 Dicte
923 1697 997 1755 urbs
1013 1697 1110 1755 Cretae

54 1781 196 1841 nobilis:
212 1785 334 1844 arundo
350 1783 465 1846 lethalis
478 1797 522 1846 est
536 1785 627 1866 plene
642 1806 761 1845 veneno
777 1784 950 1844 mortifero.

96 1866 147 1950 74.
161 1871 233 1930 Duo
246 1871 366 1932 dixerat
378 1877 484 1948 Anna,
498 1885 528 1933 et
543 1873 762 1955 praemittenda
780 1893 878 1947 sacra,
894 1886 923 1930 et
936 1871 1049 1932 deiude
1063 1874 1112 1930 in·

20 1987 24 1997 ·
54 1959 255 2040 dulgendurn
274 1961 427 2044 hospitio,
452 1964 696 2046 quoerendasque
714 1984 817 2022 moras
839 1961 926 2021 classi
950 1960 1114 2042 Trojanae„

55 2048 118 2110 hoc
139 2054 296 2132 posterius
313 2051 380 2135 jam
402 2053 484 2114 Dido
505 2057 681 2137 exsequitur
701 2067 771 2134 post
792 2052 910 2112 hostias
930 2053 1112 2132 praemissas.

56 2140 257 2201 Juctabunda
271 2142 310 2202 de
323 2147 385 2203 suis
399 2143 549 2217 fortunis,
563 2145 650 2224 quasi
667 2142 807 2200 ambiens
822 2153 992 2199 amatorem
1007 2159 1114 2214 suum,

57 2227 197 2288 ostendit
211 2251 299 2311 opes,
315 2253 390 2312 quas
405 2253 440 2290 ex
456 2231 614 2291 Phoenicia
629 2229 818 2293 adduxerat:
837 2239 971 2288 ostentet
989 2247 1068 2306 opes,
1084 2237 1115 2284 et

58 2317 160 2378 urbem
168 2333 320 2400 paratam5
333 2321 414 2395 illas,
427 2323 500 2401 quia
510 2322 657 2382 convenit
667 2319 826 2379 hominem
838 2319 980 2396 inopem,
991 2335 1114 2397 eqenum

58 2410 211 2481 omnium,
231 2410 343 2490 opibus
365 2410 519 2470 detineri:
540 2409 639 2483 hanc,
661 2409 734 2488 quia
756 2405 906 2488 profugus
928 2403 1114 2463 detinendus

57 2509 126 2553 erat
142 2493 235 2568 urbe,
249 2510 280 2556 et
293 2517 409 2578 regno:
425 2498 538 2557 deinde
550 2497 701 2578 quaerenti
717 2516 814 2555 novas
827 2508 939 2568 terras,
953 2504 983 2552 et
996 2511 1113 2552 novam

58 2583 172 2642 urbem
184 2583 365 2661 conditum,
380 2585 491 2644 urbem
504 2596 639 2645 ostentat
648 2585 715 2664 jam
729 2595 880 2664 paratam.

95 2739 139 2792 65.
160 2741 221 2792 Heu
240 2753 330 2794 vatum
346 2744 444 2815 ipnaroe
458 2753 562 2794 mentes.
608 2742 703 2813 gittam
711 2741 805 2800 amori,
814 2749 948 2806 pastorem
955 2736 1113 2798 AEneee,ne·

58 2819 123 2870 Non
140 2821 295 2874 sacerdotes
314 2825 465 2894 vituperat,
487 2822 565 2892 quasi
609 2839 686 2876 mora
697 2819 772 2884 urbi,
790 2819 872 2880 ictum
885 2812 1013 2876 lethalem
1028 2813 1113 2864 emori

58 2901 166 2951 nescios
177 2903 343 2970 futurorum,
354 2902 464 2962 sedvim
474 2920 565 2958 amau·
610 2901 748 2960 mortifero
762 2897 937 2974 comparavit.
951 2895 1021 2949 Serv.

58 2980 93 3028 tis
107 2983 240 3051 exprimit.
258 2981 331 3050 Quid
346 2983 417 3034 enim
431 2999 507 3032 sacra
519 2993 564 3031 aut
646 2998 687 3050 7³·
701 2980 815 3044 Nescius.
829 2978 882 3042 Aut
892 2975 997 3056 nescius
1009 2989 1062 3041 quo
1072 2973 1112 3022 fu·

59 3073 124 3114 vota
141 3065 243 3116 amanti
262 3065 430 3133 profuerint,
446 3064 474 3113 in
488 3074 564 3112 tanto
610 3067 692 3134 gerit,
703 3076 749 3114 aut
759 3063 896 3132 ignoratus
907 3068 933 3106 et
943 3053 1029 3104 latens
1039 3074 1045 3102 :
1056 3069 1112 3102 non

59 3143 160 3193 amoris
171 3144 317 3195 incendio?
326 3147 407 3194 Porro
418 3143 462 3194 hic
472 3141 565 3214 dispu-
611 3145 658 3212 qui
670 3159 776 3193 cervam
788 3138 910 3190 nesciret.
928 3131 1045 3221 Quidam
1057 3147 1112 3181 nes·

58 3234 119 3272 tant
129 3221 237 3288 critici,
252 3239 342 3276 utrum
357 3238 427 3276 recte
440 3227 521 3275 Poeta
533 3241 564 3273 ex
609 3221 664 3272 cius
676 3220 711 3272 ad
720 3221 830 3272 AEneern
842 3215 979 3274 referunt,
994 3228 1040 3279 qur
1052 3227 1112 3260 nes-

60 3319 111 3352 sua
123 3321 240 3372 persona
252 3317 347 3354 contra
359 3307 400 3373 jus
413 3306 506 3375 fasque
520 3321 565 3354 ex·
609 3303 645 3354 eit
654 3319 745 3352 umore
753 3316 801 3349 suo
810 3295 975 3346 vulneratam
983 3290 1111 3360 reginum.

59 3381 202 3434 clamarit:
225 3383 273 3436 sed
295 3401 346 3434 non
369 3384 563 3455 disputabunt,
633 3369 1111 3452 73.Dictoeos.Cretenses.Gervaevul·

59 3463 106 3531 qui
115 3480 178 3528 cum
186 3463 324 3528 Damone,
335 3463 426 3536 Eclog.
438 3465 506 3530 Vlll,
519 3463 564 3529 43,
609 3475 708 3514 neratae
718 3459 883 3509 dictamnum
899 3463 1035 3523 quaerunt;
1056 3469 1110 3522 qua

59 3555 189 3610 poterunt
196 3545 301 3613 experti
311 3543 416 3608 dicere:
434 3543 564 3600 nuncscio
609 3540 694 3594 herba
700 3551 816 3610 gustata,
820 3536 885 3600 ferre
894 3531 1047 3586 vulneribus
1055 3532 1110 3583 tela

60 3621 128 3691 quid
135 3623 260 3676 sitamor.
609 3621 755 3692 depellunt.
766 3613 1018 3694 -Letalisarundo
1030 3614 1110 3683 Prop-

96 3705 141 3771 69.
159 3703 326 3774 Urlrefurens
337 3711 454 3773 uagatur.
466 3700 566 3752 Didoni
609 3715 650 3753 ter
665 3702 785 3758 futurum
798 3715 875 3749 omno
888 3693 1013 3759 Didonis,
1023 3707 1049 3746 et
1062 3692 1111 3744 ad·

59 3786 162 3836 furenti
172 3786 292 3855 spatium
300 3783 375 3839 urbis
385 3799 440 3832 non
452 3779 566 3832 sufficie·
610 3778 732 3846 miranda
756 3780 836 3848 copia
853 3774 1003 3846 loquendi,
1026 3774 1110 3825 letalis

61 3863 259 3934 bat-Qualis
268 3861 565 3936 conjectaacwasaqitra.
611 3859 731 3926 arundo,
748 3859 858 3930 sagitta,
878 3855 986 3908 volatile
1000 3855 1109 3906 ferrum.

61 3945 131 3998 Satis
139 3963 261 4016 congrua
269 3944 450 4015 comparatio:
461 3941 567 4013 singula
610 3943 679 4002 Seni.
697 3970 732 3982 --
745 3939 856 4002 Hacine,
874 3935 987 4000 Phedre,
1006 3946 1057 3998 aet.
1070 3934 1110 3997 ll,

62 4029 135 4078 enim
145 4024 273 4097 singulis,
284 4043 391 4078 cervam
399 4021 513 4089 Didoni,
526 4041 568 4076 sa·
611 4041 682 4076 scen.
700 4039 737 4086 11,
757 4019 929 4092 Hippolytum
945 4017 983 4067 sic
997 4013 1109 4084 loquen-

902 4105 940 4156 15.

1267 4039 1283 4068 V
