<?xml version="1.0" encoding="UTF-8"?>
<!DOCTYPE html PUBLIC "-//W3C//DTD XHTML 1.0 Transitional//EN"
    "http://www.w3.org/TR/xhtml1/DTD/xhtml1-transitional.dtd">
<html xmlns="http://www.w3.org/1999/xhtml" xml:lang="en" lang="en">
 <head>
  <title>
</title>
<meta http-equiv="Content-Type" content="text/html;charset=utf-8" />
  <meta name='ocr-system' content='tesseract 3.04.00' />
  <meta name='ocr-capabilities' content='ocr_page ocr_carea ocr_par ocr_line ocrx_word'/>
</head>
<body>
  <div class='ocr_page' id='page_1' title='image "./pvirgiliusmaroq02barbgoog_0436.png"; bbox 0 0 2646 4606; ppageno 0'>
   <div class='ocr_carea' id='block_1_1' title="bbox 218 187 922 330">
    <p class='ocr_par' dir='ltr' id='par_1_1' title="bbox 218 187 922 330">
     <span class='ocr_line' id='line_1_1' title="bbox 218 187 922 330; baseline -0.009 -24"><span class='ocrx_word' id='word_1_1' title='bbox 218 237 281 330; x_wconf 77' lang='lat'><strong>392</strong></span> <span class='ocrx_word' id='word_1_2' title='bbox 542 187 922 302; x_wconf 66' lang='lat' dir='ltr'><strong>conuenturam</strong></span> 
     </span>
    </p>
   </div>
   <div class='ocr_carea' id='block_1_2' title="bbox 212 353 1306 3710">
    <p class='ocr_par' dir='ltr' id='par_1_2' title="bbox 213 353 1263 610">
     <span class='ocr_line' id='line_1_2' title="bbox 215 353 1262 444; baseline 0.001 -22"><span class='ocrx_word' id='word_1_3' title='bbox 215 379 353 444; x_wconf 82' lang='lat' dir='ltr'><strong>equorum</strong></span> <span class='ocrx_word' id='word_1_4' title='bbox 364 356 560 440; x_wconf 81' lang='lat' dir='ltr'><strong>comipsdnm.</strong></span> <span class='ocrx_word' id='word_1_5' title='bbox 573 358 688 437; x_wconf 74' lang='lat' dir='ltr'><strong>Roget,</strong></span> <span class='ocrx_word' id='word_1_6' title='bbox 704 357 759 438; x_wconf 89' lang='lat' dir='ltr'><strong>qui</strong></span> <span class='ocrx_word' id='word_1_7' title='bbox 770 353 890 419; x_wconf 83' lang='lat' dir='ltr'><strong>fulmen</strong></span> <span class='ocrx_word' id='word_1_8' title='bbox 901 356 980 418; x_wconf 81' lang='lat' dir='ltr'><strong>rere?</strong></span> <span class='ocrx_word' id='word_1_9' title='bbox 993 357 1115 422; x_wconf 86' lang='lat' dir='ltr'><strong>scilicet</strong></span> <span class='ocrx_word' id='word_1_10' title='bbox 1127 380 1171 423; x_wconf 81' lang='lat' dir='ltr'><strong>aes</strong></span> <span class='ocrx_word' id='word_1_11' title='bbox 1185 382 1262 422; x_wconf 91' lang='lat' dir='ltr'><strong>can-</strong></span> 
     </span>
     <span class='ocr_line' id='line_1_3' title="bbox 213 440 1263 534; baseline 0.002 -26"><span class='ocrx_word' id='word_1_12' title='bbox 213 444 426 534; x_wconf 26' lang='lat' dir='ltr'><strong>denszlortasse</strong></span> <span class='ocrx_word' id='word_1_13' title='bbox 436 457 466 504; x_wconf 88' lang='lat' dir='ltr'><strong>et</strong></span> <span class='ocrx_word' id='word_1_14' title='bbox 477 444 628 524; x_wconf 79' lang='lat' dir='ltr'><strong>ignitum,</strong></span> <span class='ocrx_word' id='word_1_15' title='bbox 642 440 743 504; x_wconf 92' lang='lat' dir='ltr'><strong>ethoc</strong></span> <span class='ocrx_word' id='word_1_16' title='bbox 753 441 886 505; x_wconf 85' lang='lat' dir='ltr'><strong>artificio</strong></span> <span class='ocrx_word' id='word_1_17' title='bbox 898 445 1005 527; x_wconf 89' lang='lat' dir='ltr'><strong>aliquo</strong></span> <span class='ocrx_word' id='word_1_18' title='bbox 1015 446 1186 529; x_wconf 80' lang='lat' dir='ltr'><strong>praefixum</strong></span> <span class='ocrx_word' id='word_1_19' title='bbox 1199 470 1263 530; x_wconf 79' lang='lat' dir='ltr'><strong>ges·</strong></span> 
     </span>
     <span class='ocr_line' id='line_1_4' title="bbox 214 527 946 610; baseline -0.008 -16"><span class='ocrx_word' id='word_1_20' title='bbox 214 527 315 610; x_wconf 78' lang='lat' dir='ltr'><strong>tubat,</strong></span> <span class='ocrx_word' id='word_1_21' title='bbox 329 549 365 594; x_wconf 89' lang='lat' dir='ltr'><strong>ut</strong></span> <span class='ocrx_word' id='word_1_22' title='bbox 377 532 498 593; x_wconf 86' lang='lat' dir='ltr'><strong>fulmen</strong></span> <span class='ocrx_word' id='word_1_23' title='bbox 510 529 675 592; x_wconf 88' lang='lat' dir='ltr'><strong>videretur.</strong></span> <span class='ocrx_word' id='word_1_24' title='bbox 943 563 946 572; x_wconf 54' lang='grc' dir='ltr'><em>ι</em></span> 
     </span>
    </p>

    <p class='ocr_par' dir='ltr' id='par_1_3' title="bbox 215 615 1262 968">
     <span class='ocr_line' id='line_1_5' title="bbox 256 615 1261 702; baseline 0.003 -21"><span class='ocrx_word' id='word_1_25' title='bbox 256 620 323 702; x_wconf 74' lang='lat'><strong>59²·</strong></span> <span class='ocrx_word' id='word_1_26' title='bbox 336 621 420 699; x_wconf 88' lang='lat' dir='ltr'><strong>Quid</strong></span> <span class='ocrx_word' id='word_1_27' title='bbox 430 641 504 682; x_wconf 83' lang='lat' dir='ltr'><strong>vero</strong></span> <span class='ocrx_word' id='word_1_28' title='bbox 513 615 653 701; x_wconf 73' lang='lat' dir='ltr'><strong>Jupiter?</strong></span> <span class='ocrx_word' id='word_1_29' title='bbox 664 638 728 679; x_wconf 91' lang='lat' dir='ltr'><strong>nou</strong></span> <span class='ocrx_word' id='word_1_30' title='bbox 737 617 856 680; x_wconf 73' lang='lat' dir='ltr'><strong>faculm</strong></span> <span class='ocrx_word' id='word_1_31' title='bbox 865 633 1002 698; x_wconf 79' lang='lat' dir='ltr'><strong>tautum,</strong></span> <span class='ocrx_word' id='word_1_32' title='bbox 1014 637 1050 683; x_wconf 90' lang='lat' dir='ltr'><strong>ut</strong></span> <span class='ocrx_word' id='word_1_33' title='bbox 1059 622 1261 699; x_wconf 75' lang='lat' dir='ltr'><strong>Salmoneus,</strong></span> 
     </span>
     <span class='ocr_line' id='line_1_6' title="bbox 215 706 1262 786; baseline 0 -16"><span class='ocrx_word' id='word_1_34' title='bbox 215 731 271 770; x_wconf 89' lang='lat' dir='ltr'><strong>nec</strong></span> <span class='ocrx_word' id='word_1_35' title='bbox 283 707 405 771; x_wconf 91' lang='lat' dir='ltr'><strong>lumina</strong></span> <span class='ocrx_word' id='word_1_36' title='bbox 415 708 504 772; x_wconf 82' lang='lat' dir='ltr'><strong>taedis</strong></span> <span class='ocrx_word' id='word_1_37' title='bbox 519 722 644 768; x_wconf 85' lang='lat' dir='ltr'><strong>tautum</strong></span> <span class='ocrx_word' id='word_1_38' title='bbox 655 706 775 785; x_wconf 82' lang='lat' dir='ltr'><strong>fumea,</strong></span> <span class='ocrx_word' id='word_1_39' title='bbox 794 729 830 770; x_wconf 86' lang='lat' dir='ltr'><strong>ac</strong></span> <span class='ocrx_word' id='word_1_40' title='bbox 842 710 908 770; x_wconf 87' lang='lat' dir='ltr'><strong>sine</strong></span> <span class='ocrx_word' id='word_1_41' title='bbox 919 709 1057 786; x_wconf 80' lang='lat' dir='ltr'><strong>viribus3</strong></span> <span class='ocrx_word' id='word_1_42' title='bbox 1076 711 1133 772; x_wconf 89' lang='lat' dir='ltr'><strong>sed</strong></span> <span class='ocrx_word' id='word_1_43' title='bbox 1150 727 1189 772; x_wconf 90' lang='lat' dir='ltr'><strong>ut</strong></span> <span class='ocrx_word' id='word_1_44' title='bbox 1205 733 1262 774; x_wconf 87' lang='lat' dir='ltr'><strong>om-</strong></span> 
     </span>
     <span class='ocr_line' id='line_1_7' title="bbox 216 794 1261 880; baseline 0.003 -25"><span class='ocrx_word' id='word_1_45' title='bbox 216 799 347 880; x_wconf 82' lang='lat' dir='ltr'><strong>nipotens</strong></span> <span class='ocrx_word' id='word_1_46' title='bbox 357 799 438 858; x_wconf 90' lang='lat' dir='ltr'><strong>inter</strong></span> <span class='ocrx_word' id='word_1_47' title='bbox 449 817 536 858; x_wconf 86' lang='lat' dir='ltr'><strong>veros</strong></span> <span class='ocrx_word' id='word_1_48' title='bbox 546 794 673 856; x_wconf 83' lang='lat' dir='ltr'>nimbos</span> <span class='ocrx_word' id='word_1_49' title='bbox 683 815 719 856; x_wconf 88' lang='lat' dir='ltr'><strong>ac</strong></span> <span class='ocrx_word' id='word_1_50' title='bbox 735 797 874 856; x_wconf 86' lang='lat' dir='ltr'><strong>tonitrua</strong></span> <span class='ocrx_word' id='word_1_51' title='bbox 884 801 1023 860; x_wconf 71' lang='lat' dir='ltr'><strong><em>contorsit</em></strong></span> <span class='ocrx_word' id='word_1_52' title='bbox 1032 818 1146 860; x_wconf 83' lang='lat' dir='ltr'><strong>verum</strong></span> <span class='ocrx_word' id='word_1_53' title='bbox 1160 797 1261 872; x_wconf 82' lang='lat' dir='ltr'><strong>telum,</strong></span> 
     </span>
     <span class='ocr_line' id='line_1_8' title="bbox 216 881 1262 968; baseline 0.002 -26"><span class='ocrx_word' id='word_1_54' title='bbox 216 905 324 945; x_wconf 82' lang='lat' dir='ltr'><strong>verum</strong></span> <span class='ocrx_word' id='word_1_55' title='bbox 332 885 453 946; x_wconf 90' lang='lat' dir='ltr'><strong>fulmen</strong></span> <span class='ocrx_word' id='word_1_56' title='bbox 461 907 470 962; x_wconf 89' lang='lat'>;</span> <span class='ocrx_word' id='word_1_57' title='bbox 479 886 620 968; x_wconf 85' lang='lat' dir='ltr'><strong>atqueita</strong></span> <span class='ocrx_word' id='word_1_58' title='bbox 628 881 998 968; x_wconf 67' lang='lat' dir='ltr'><strong>odeqitillumvproecipitem</strong></span> <span class='ocrx_word' id='word_1_59' title='bbox 1007 889 1135 947; x_wconf 84' lang='lat' dir='ltr'><strong>immoni</strong></span> <span class='ocrx_word' id='word_1_60' title='bbox 1141 885 1262 948; x_wconf 69' lang='lat' dir='ltr'><strong>turbine.</strong></span> 
     </span>
    </p>

    <p class='ocr_par' dir='ltr' id='par_1_4' title="bbox 212 973 1306 2294">
     <span class='ocr_line' id='line_1_9' title="bbox 257 973 1263 1058; baseline -0.001 -23"><span class='ocrx_word' id='word_1_61' title='bbox 257 975 324 1055; x_wconf 83' lang='lat'><strong>595.</strong></span> <span class='ocrx_word' id='word_1_62' title='bbox 339 977 442 1058; x_wconf 72' lang='lat' dir='ltr'><strong>Pergit</strong></span> <span class='ocrx_word' id='word_1_63' title='bbox 453 973 493 1034; x_wconf 84' lang='lat' dir='ltr'><strong>ad</strong></span> <span class='ocrx_word' id='word_1_64' title='bbox 504 975 645 1056; x_wconf 83' lang='lat' dir='ltr'><strong>Tityum,</strong></span> <span class='ocrx_word' id='word_1_65' title='bbox 660 973 715 1056; x_wconf 91' lang='lat' dir='ltr'><strong>qui</strong></span> <span class='ocrx_word' id='word_1_66' title='bbox 730 973 823 1036; x_wconf 87' lang='lat' dir='ltr'><strong>etiam</strong></span> <span class='ocrx_word' id='word_1_67' title='bbox 835 976 868 1034; x_wconf 93' lang='lat' dir='ltr'><strong>in</strong></span> <span class='ocrx_word' id='word_1_68' title='bbox 879 977 1027 1036; x_wconf 87' lang='lat' dir='ltr'><strong>Tartaro:</strong></span> <span class='ocrx_word' id='word_1_69' title='bbox 1043 974 1198 1038; x_wconf 86' lang='lat' dir='ltr'><strong>describit</strong></span> <span class='ocrx_word' id='word_1_70' title='bbox 1209 973 1263 1034; x_wconf 91' lang='lat' dir='ltr'><strong>hu·</strong></span> 
     </span>
     <span class='ocr_line' id='line_1_10' title="bbox 212 1061 1262 1146; baseline -0.001 -23"><span class='ocrx_word' id='word_1_71' title='bbox 212 1061 263 1144; x_wconf 79' lang='lat' dir='ltr'><strong>jus</strong></span> <span class='ocrx_word' id='word_1_72' title='bbox 274 1085 385 1144; x_wconf 76' lang='lat' dir='ltr'><strong>genus,</strong></span> <span class='ocrx_word' id='word_1_73' title='bbox 397 1061 646 1146; x_wconf 76' lang='lat' dir='ltr'><strong>magnitudinem</strong></span> <span class='ocrx_word' id='word_1_74' title='bbox 656 1064 809 1146; x_wconf 88' lang='lat' dir='ltr'><strong>corporis,</strong></span> <span class='ocrx_word' id='word_1_75' title='bbox 823 1065 994 1124; x_wconf 88' lang='lat' dir='ltr'><strong>cruciatum</strong></span> <span class='ocrx_word' id='word_1_76' title='bbox 1003 1066 1177 1140; x_wconf 80' lang='lat' dir='ltr'><strong>miserum,</strong></span> <span class='ocrx_word' id='word_1_77' title='bbox 1189 1078 1222 1124; x_wconf 87' lang='lat' dir='ltr'><strong>et</strong></span> <span class='ocrx_word' id='word_1_78' title='bbox 1232 1065 1262 1122; x_wconf 92' lang='lat' dir='ltr'><strong>iu</strong></span> 
     </span>
     <span class='ocr_line' id='line_1_11' title="bbox 217 1151 1261 1236; baseline 0 -23"><span class='ocrx_word' id='word_1_79' title='bbox 217 1151 279 1213; x_wconf 92' lang='lat' dir='ltr'><strong>hoc</strong></span> <span class='ocrx_word' id='word_1_80' title='bbox 298 1156 392 1232; x_wconf 87' lang='lat' dir='ltr'><strong>sistit,</strong></span> <span class='ocrx_word' id='word_1_81' title='bbox 417 1155 500 1220; x_wconf 81' lang='lat' dir='ltr'><strong>mire¹</strong></span> <span class='ocrx_word' id='word_1_82' title='bbox 515 1151 728 1236; x_wconf 88' lang='lat' dir='ltr'><strong>amplificans:</strong></span> <span class='ocrx_word' id='word_1_83' title='bbox 750 1173 863 1233; x_wconf 77' lang='lat' dir='ltr'><strong>genus,</strong></span> <span class='ocrx_word' id='word_1_84' title='bbox 884 1173 957 1213; x_wconf 88' lang='lat' dir='ltr'><strong>nam</strong></span> <span class='ocrx_word' id='word_1_85' title='bbox 974 1167 1085 1229; x_wconf 84' lang='lat' dir='ltr'><strong>vocat,</strong></span> <span class='ocrx_word' id='word_1_86' title='bbox 1105 1151 1261 1214; x_wconf 84' lang='lat' dir='ltr'><strong>alumnum</strong></span> 
     </span>
     <span class='ocr_line' id='line_1_12' title="bbox 220 1239 1262 1323; baseline -0.004 -23"><span class='ocrx_word' id='word_1_87' title='bbox 220 1243 330 1317; x_wconf 68' lang='lat' dir='ltr'><strong>Teren,</strong></span> <span class='ocrx_word' id='word_1_88' title='bbox 352 1239 385 1301; x_wconf 93' lang='lat' dir='ltr'><strong>id</strong></span> <span class='ocrx_word' id='word_1_89' title='bbox 404 1255 462 1320; x_wconf 87' lang='lat' dir='ltr'><strong>est,</strong></span> <span class='ocrx_word' id='word_1_90' title='bbox 481 1241 602 1302; x_wconf 85' lang='lat' dir='ltr'><strong>hlium:</strong></span> <span class='ocrx_word' id='word_1_91' title='bbox 620 1239 887 1322; x_wconf 71' lang='lat' dir='ltr'><strong>magnitudinem,</strong></span> <span class='ocrx_word' id='word_1_92' title='bbox 902 1261 977 1300; x_wconf 87' lang='lat' dir='ltr'><strong>nam</strong></span> <span class='ocrx_word' id='word_1_93' title='bbox 990 1240 1038 1300; x_wconf 91' lang='lat' dir='ltr'><strong>illi</strong></span> <span class='ocrx_word' id='word_1_94' title='bbox 1055 1261 1163 1323; x_wconf 81' lang='lat' dir='ltr'><strong>corpus</strong></span> <span class='ocrx_word' id='word_1_95' title='bbox 1176 1239 1262 1322; x_wconf 83' lang='lat' dir='ltr'><strong>porri-</strong></span> 
     </span>
     <span class='ocr_line' id='line_1_13' title="bbox 216 1327 1262 1414; baseline -0.001 -25"><span class='ocrx_word' id='word_1_96' title='bbox 216 1333 296 1412; x_wconf 79' lang='lat' dir='ltr'><strong>qitur</strong></span> <span class='ocrx_word' id='word_1_97' title='bbox 305 1354 358 1414; x_wconf 85' lang='lat' dir='ltr'><strong>per</strong></span> <span class='ocrx_word' id='word_1_98' title='bbox 371 1346 429 1394; x_wconf 85' lang='lat' dir='ltr'><strong>toto</strong></span> <span class='ocrx_word' id='word_1_99' title='bbox 442 1327 677 1414; x_wconf 75' lang='lat' dir='ltr'><strong>novernjnqern:</strong></span> <span class='ocrx_word' id='word_1_100' title='bbox 696 1332 890 1406; x_wconf 88' lang='lat' dir='ltr'><strong>cruciatum,</strong></span> <span class='ocrx_word' id='word_1_101' title='bbox 908 1351 983 1390; x_wconf 92' lang='lat' dir='ltr'><strong>nam</strong></span> <span class='ocrx_word' id='word_1_102' title='bbox 996 1327 1098 1392; x_wconf 79' lang='lat' dir='ltr'><strong>vultur</strong></span> <span class='ocrx_word' id='word_1_103' title='bbox 1108 1330 1262 1398; x_wconf 50' lang='lat' dir='ltr'><strong>immunia</strong></span> 
     </span>
     <span class='ocr_line' id='line_1_14' title="bbox 216 1417 1261 1502; baseline -0.004 -24"><span class='ocrx_word' id='word_1_104' title='bbox 216 1417 287 1479; x_wconf 86' lang='lat' dir='ltr'><strong>vide</strong></span> <span class='ocrx_word' id='word_1_105' title='bbox 298 1419 401 1502; x_wconf 85' lang='lat' dir='ltr'><strong>qualis</strong></span> <span class='ocrx_word' id='word_1_106' title='bbox 416 1419 555 1480; x_wconf 75' lang='lat' dir='ltr'><strong>satelles!</strong></span> <span class='ocrx_word' id='word_1_107' title='bbox 572 1417 693 1480; x_wconf 72' lang='lat' dir='ltr'><strong>tondent</strong></span> <span class='ocrx_word' id='word_1_108' title='bbox 704 1431 794 1480; x_wconf 84' lang='lat' dir='ltr'><strong>rostru</strong></span> <span class='ocrx_word' id='word_1_109' title='bbox 807 1417 934 1492; x_wconf 80' lang='lat' dir='ltr'><strong>obunco,</strong></span> <span class='ocrx_word' id='word_1_110' title='bbox 948 1419 1021 1478; x_wconf 89' lang='lat' dir='ltr'><strong>vide</strong></span> <span class='ocrx_word' id='word_1_111' title='bbox 1031 1417 1261 1488; x_wconf 64' lang='lat' dir='ltr'><strong>carnificinam</strong></span> 
     </span>
     <span class='ocr_line' id='line_1_15' title="bbox 213 1504 1262 1592; baseline -0.004 -24"><span class='ocrx_word' id='word_1_112' title='bbox 213 1504 296 1592; x_wconf 74' lang='lat' dir='ltr'><strong>jecur</strong></span> <span class='ocrx_word' id='word_1_113' title='bbox 305 1507 482 1584; x_wconf 79' lang='lat' dir='ltr'><strong>immortale,</strong></span> <span class='ocrx_word' id='word_1_114' title='bbox 494 1509 657 1589; x_wconf 67' lang='lat' dir='ltr'><strong>visceraque</strong></span> <span class='ocrx_word' id='word_1_115' title='bbox 659 1507 801 1592; x_wconf 75' lang='lat' dir='ltr'><strong>foeoundo</strong></span> <span class='ocrx_word' id='word_1_116' title='bbox 810 1509 914 1588; x_wconf 80' lang='lat' dir='ltr'><strong>poenit,</strong></span> <span class='ocrx_word' id='word_1_117' title='bbox 926 1507 998 1568; x_wconf 85' lang='lat' dir='ltr'><strong>vide</strong></span> <span class='ocrx_word' id='word_1_118' title='bbox 1007 1509 1188 1580; x_wconf 84' lang='lat' dir='ltr'><strong>miseriam,</strong></span> <span class='ocrx_word' id='word_1_119' title='bbox 1198 1523 1262 1586; x_wconf 77' lang='lat' dir='ltr'><strong>que</strong></span> 
     </span>
     <span class='ocr_line' id='line_1_16' title="bbox 217 1593 1261 1674; baseline -0.007 -16"><span class='ocrx_word' id='word_1_120' title='bbox 217 1611 263 1658; x_wconf 84' lang='lat' dir='ltr'><strong>est</strong></span> <span class='ocrx_word' id='word_1_121' title='bbox 275 1601 424 1674; x_wconf 85' lang='lat' dir='ltr'><strong>maxima,</strong></span> <span class='ocrx_word' id='word_1_122' title='bbox 438 1599 464 1657; x_wconf 93' lang='lat' dir='ltr'><strong>si</strong></span> <span class='ocrx_word' id='word_1_123' title='bbox 476 1611 599 1658; x_wconf 90' lang='lat' dir='ltr'><strong>tantum</strong></span> <span class='ocrx_word' id='word_1_124' title='bbox 611 1595 651 1655; x_wconf 85' lang='lat' dir='ltr'><strong>ad</strong></span> <span class='ocrx_word' id='word_1_125' title='bbox 662 1608 813 1656; x_wconf 74' lang='lat' dir='ltr'><strong>aeteruum</strong></span> <span class='ocrx_word' id='word_1_126' title='bbox 825 1597 997 1656; x_wconf 82' lang='lat' dir='ltr'><strong>cruciatum</strong></span> <span class='ocrx_word' id='word_1_127' title='bbox 1009 1598 1052 1656; x_wconf 91' lang='lat' dir='ltr'><strong>sit</strong></span> <span class='ocrx_word' id='word_1_128' title='bbox 1063 1593 1261 1670; x_wconf 84' lang='lat' dir='ltr'><strong>immortalis.</strong></span> 
     </span>
     <span class='ocr_line' id='line_1_17' title="bbox 218 1683 1262 1768; baseline -0.007 -20"><span class='ocrx_word' id='word_1_129' title='bbox 218 1688 296 1765; x_wconf 76' lang='lat' dir='ltr'><strong>Quae</strong></span> <span class='ocrx_word' id='word_1_130' title='bbox 305 1688 446 1768; x_wconf 82' lang='lat' dir='ltr'><strong>sequitur</strong></span> <span class='ocrx_word' id='word_1_131' title='bbox 453 1687 572 1762; x_wconf 74' lang='grc' dir='ltr'><strong>αὔξησις,</strong></span> <span class='ocrx_word' id='word_1_132' title='bbox 584 1699 668 1746; x_wconf 88' lang='lat' dir='ltr'><strong>extra</strong></span> <span class='ocrx_word' id='word_1_133' title='bbox 677 1705 805 1746; x_wconf 87' lang='lat' dir='ltr'><strong>omnem</strong></span> <span class='ocrx_word' id='word_1_134' title='bbox 816 1698 863 1746; x_wconf 89' lang='lat' dir='ltr'><strong>est</strong></span> <span class='ocrx_word' id='word_1_135' title='bbox 872 1683 989 1762; x_wconf 87' lang='lat' dir='ltr'><strong>aleam,</strong></span> <span class='ocrx_word' id='word_1_136' title='bbox 1000 1684 1169 1761; x_wconf 86' lang='lat' dir='ltr'><strong>videlicet,</strong></span> <span class='ocrx_word' id='word_1_137' title='bbox 1180 1687 1262 1745; x_wconf 87' lang='lat' dir='ltr'><strong>rimu-</strong></span> 
     </span>
     <span class='ocr_line' id='line_1_18' title="bbox 219 1769 1261 1854; baseline -0.002 -20"><span class='ocrx_word' id='word_1_138' title='bbox 219 1786 267 1834; x_wconf 85' lang='lat' dir='ltr'><strong>tur</strong></span> <span class='ocrx_word' id='word_1_139' title='bbox 275 1771 381 1854; x_wconf 84' lang='lat' dir='ltr'><strong>epulis,</strong></span> <span class='ocrx_word' id='word_1_140' title='bbox 397 1785 432 1832; x_wconf 90' lang='lat' dir='ltr'><strong>ut</strong></span> <span class='ocrx_word' id='word_1_141' title='bbox 443 1791 612 1852; x_wconf 72' lang='lat' dir='ltr'><strong>cognoscas</strong></span> <span class='ocrx_word' id='word_1_142' title='bbox 622 1773 804 1833; x_wconf 88' lang='lat' dir='ltr'><strong>aviditatem</strong></span> <span class='ocrx_word' id='word_1_143' title='bbox 815 1774 913 1848; x_wconf 89' lang='lat' dir='ltr'><strong>alitis;</strong></span> <span class='ocrx_word' id='word_1_144' title='bbox 924 1786 955 1833; x_wconf 92' lang='lat' dir='ltr'><strong>et</strong></span> <span class='ocrx_word' id='word_1_145' title='bbox 964 1776 1041 1854; x_wconf 89' lang='lat' dir='ltr'><strong>quia</strong></span> <span class='ocrx_word' id='word_1_146' title='bbox 1052 1773 1184 1846; x_wconf 81' lang='lat' dir='ltr'><strong>avidus,</strong></span> <span class='ocrx_word' id='word_1_147' title='bbox 1196 1769 1261 1832; x_wconf 87' lang='lat' dir='ltr'><strong>itleo</strong></span> 
     </span>
     <span class='ocr_line' id='line_1_19' title="bbox 220 1857 1261 1943; baseline -0.003 -22"><span class='ocrx_word' id='word_1_148' title='bbox 220 1859 334 1922; x_wconf 76' lang='lat' dir='ltr'><strong>habitat</strong></span> <span class='ocrx_word' id='word_1_149' title='bbox 342 1859 395 1920; x_wconf 82' lang='lat' dir='ltr'><strong>snb</strong></span> <span class='ocrx_word' id='word_1_150' title='bbox 403 1857 464 1921; x_wconf 85' lang='lat' dir='ltr'><strong>alto</strong></span> <span class='ocrx_word' id='word_1_151' title='bbox 472 1873 600 1942; x_wconf 82' lang='lat' dir='ltr'><strong>pectore,</strong></span> <span class='ocrx_word' id='word_1_152' title='bbox 616 1881 682 1920; x_wconf 90' lang='lat' dir='ltr'><strong>uon</strong></span> <span class='ocrx_word' id='word_1_153' title='bbox 695 1875 860 1922; x_wconf 86' lang='lat' dir='ltr'><strong>contentus</strong></span> <span class='ocrx_word' id='word_1_154' title='bbox 871 1875 959 1943; x_wconf 91' lang='lat' dir='ltr'><strong>parte</strong></span> <span class='ocrx_word' id='word_1_155' title='bbox 970 1863 1086 1923; x_wconf 89' lang='lat' dir='ltr'><strong>extima</strong></span> <span class='ocrx_word' id='word_1_156' title='bbox 1100 1863 1158 1934; x_wconf 82' lang='lat' dir='ltr'><strong>:in</strong></span> <span class='ocrx_word' id='word_1_157' title='bbox 1170 1858 1261 1920; x_wconf 87' lang='lat' dir='ltr'><strong>verbo</strong></span> 
     </span>
     <span class='ocr_line' id='line_1_20' title="bbox 218 1947 1263 2028; baseline -0.004 -16"><span class='ocrx_word' id='word_1_158' title='bbox 218 1951 330 2024; x_wconf 84' lang='lat' dir='ltr'><strong>etiam,</strong></span> <span class='ocrx_word' id='word_1_159' title='bbox 342 1947 467 2024; x_wconf 82' lang='lat' dir='ltr'><strong>habitat,</strong></span> <span class='ocrx_word' id='word_1_160' title='bbox 481 1967 632 2028; x_wconf 79' lang='lat' dir='ltr'><strong>cognosce</strong></span> <span class='ocrx_word' id='word_1_161' title='bbox 644 1961 774 2010; x_wconf 83' lang='lat' dir='ltr'><strong>aeteruas</strong></span> <span class='ocrx_word' id='word_1_162' title='bbox 785 1971 889 2011; x_wconf 85' lang='lat' dir='ltr'><strong>moras</strong></span> <span class='ocrx_word' id='word_1_163' title='bbox 898 1953 1032 2010; x_wconf 85' lang='lat' dir='ltr'><strong>monstri</strong></span> <span class='ocrx_word' id='word_1_164' title='bbox 1042 1949 1263 2012; x_wconf 74' lang='lat' dir='ltr'><strong>excarnifican-</strong></span> 
     </span>
     <span class='ocr_line' id='line_1_21' title="bbox 218 2032 1306 2120; baseline -0.002 -24"><span class='ocrx_word' id='word_1_165' title='bbox 218 2039 259 2096; x_wconf 89' lang='lat' dir='ltr'><strong>tis</strong></span> <span class='ocrx_word' id='word_1_166' title='bbox 270 2059 277 2095; x_wconf 75' lang='grc' dir='ltr'>ι</span> <span class='ocrx_word' id='word_1_167' title='bbox 292 2035 436 2112; x_wconf 89' lang='lat' dir='ltr'><strong>demum,</strong></span> <span class='ocrx_word' id='word_1_168' title='bbox 449 2032 535 2096; x_wconf 83' lang='lat' dir='ltr'><strong>nollo</strong></span> <span class='ocrx_word' id='word_1_169' title='bbox 544 2047 586 2096; x_wconf 85' lang='lat' dir='ltr'><strong>est</strong></span> <span class='ocrx_word' id='word_1_170' title='bbox 593 2037 703 2118; x_wconf 81' lang='lat' dir='ltr'><strong>requies</strong></span> <span class='ocrx_word' id='word_1_171' title='bbox 713 2040 820 2100; x_wconf 72' lang='lat' dir='ltr'><strong>renutu</strong></span> <span class='ocrx_word' id='word_1_172' title='bbox 819 2037 915 2120; x_wconf 83' lang='lat' dir='ltr'><strong>fibris.</strong></span> <span class='ocrx_word' id='word_1_173' title='bbox 929 2036 1113 2120; x_wconf 80' lang='lat' dir='ltr'><strong>Suntfihroe,</strong></span> <span class='ocrx_word' id='word_1_174' title='bbox 1128 2039 1263 2100; x_wconf 86' lang='lat' dir='ltr'><strong>eminen·</strong></span> <span class='ocrx_word' id='word_1_175' title='bbox 1305 2109 1306 2112; x_wconf 7' lang='grc' dir='ltr'><strong>Ἴ</strong></span> 
     </span>
     <span class='ocr_line' id='line_1_22' title="bbox 218 2109 1262 2213; baseline 0.003 -30"><span class='ocrx_word' id='word_1_176' title='bbox 218 2124 270 2183; x_wconf 62' lang='lat' dir='ltr'><strong>tiae*</strong></span> <span class='ocrx_word' id='word_1_177' title='bbox 279 2123 407 2204; x_wconf 88' lang='lat' dir='ltr'><strong>jecoris,</strong></span> <span class='ocrx_word' id='word_1_178' title='bbox 424 2124 468 2184; x_wconf 87' lang='lat' dir='ltr'><strong>ait</strong></span> <span class='ocrx_word' id='word_1_179' title='bbox 479 2109 613 2213; x_wconf 60' lang='lat' dir='ltr'><strong>Senius.</strong></span> <span class='ocrx_word' id='word_1_180' title='bbox 631 2117 720 2212; x_wconf 86' lang='lat' dir='ltr'><strong>Certe</strong></span> <span class='ocrx_word' id='word_1_181' title='bbox 731 2119 766 2186; x_wconf 91' lang='lat' dir='ltr'><strong>hi</strong></span> <span class='ocrx_word' id='word_1_182' title='bbox 778 2145 827 2186; x_wconf 87' lang='lat' dir='ltr'><strong>sex</strong></span> <span class='ocrx_word' id='word_1_183' title='bbox 842 2145 949 2186; x_wconf 84' lang='lat' dir='ltr'><strong>vorsus</strong></span> <span class='ocrx_word' id='word_1_184' title='bbox 962 2127 1076 2208; x_wconf 82' lang='lat' dir='ltr'><strong>quovis</strong></span> <span class='ocrx_word' id='word_1_185' title='bbox 1088 2140 1165 2186; x_wconf 91' lang='lat' dir='ltr'><strong>suut</strong></span> <span class='ocrx_word' id='word_1_186' title='bbox 1180 2125 1262 2205; x_wconf 73' lang='lat' dir='ltr'><strong>digni</strong></span> 
     </span>
     <span class='ocr_line' id='line_1_23' title="bbox 219 2213 874 2294; baseline -0.006 -21"><span class='ocrx_word' id='word_1_187' title='bbox 219 2213 338 2294; x_wconf 89' lang='lat' dir='ltr'><strong>pretio!</strong></span> <span class='ocrx_word' id='word_1_188' title='bbox 872 2283 874 2290; x_wconf 33' lang='grc' dir='ltr'>Ι</span> 
     </span>
    </p>

    <p class='ocr_par' dir='ltr' id='par_1_5' title="bbox 213 2299 1305 3710">
     <span class='ocr_line' id='line_1_24' title="bbox 259 2299 1263 2393; baseline -0.001 -31"><span class='ocrx_word' id='word_1_189' title='bbox 259 2303 327 2362; x_wconf 83' lang='lat'><strong>601.</strong></span> <span class='ocrx_word' id='word_1_190' title='bbox 343 2302 390 2360; x_wconf 84' lang='lat' dir='ltr'><strong>An</strong></span> <span class='ocrx_word' id='word_1_191' title='bbox 402 2299 470 2393; x_wconf 67' lang='lat' dir='ltr'><strong>hpc</strong></span> <span class='ocrx_word' id='word_1_192' title='bbox 486 2300 659 2362; x_wconf 80' lang='lat' dir='ltr'><strong>sententia?</strong></span> <span class='ocrx_word' id='word_1_193' title='bbox 676 2300 761 2380; x_wconf 88' lang='lat' dir='ltr'><strong>Quid</strong></span> <span class='ocrx_word' id='word_1_194' title='bbox 773 2323 944 2364; x_wconf 87' lang='lat' dir='ltr'><strong>memorem</strong></span> <span class='ocrx_word' id='word_1_195' title='bbox 955 2303 1122 2386; x_wconf 87' lang='lat' dir='ltr'><strong>Lapithas,</strong></span> <span class='ocrx_word' id='word_1_196' title='bbox 1138 2302 1263 2364; x_wconf 86' lang='lat' dir='ltr'><strong>Thessa·</strong></span> 
     </span>
     <span class='ocr_line' id='line_1_25' title="bbox 220 2387 1263 2472; baseline -0.001 -23"><span class='ocrx_word' id='word_1_197' title='bbox 220 2388 271 2449; x_wconf 81' lang='lat' dir='ltr'><strong>liae</strong></span> <span class='ocrx_word' id='word_1_198' title='bbox 282 2387 452 2472; x_wconf 89' lang='lat' dir='ltr'><strong>populum,</strong></span> <span class='ocrx_word' id='word_1_199' title='bbox 467 2403 498 2449; x_wconf 91' lang='lat' dir='ltr'><strong>et</strong></span> <span class='ocrx_word' id='word_1_200' title='bbox 509 2391 663 2466; x_wconf 89' lang='lat' dir='ltr'><strong>Ixionem,</strong></span> <span class='ocrx_word' id='word_1_201' title='bbox 678 2403 709 2452; x_wconf 89' lang='lat' dir='ltr'><strong>et</strong></span> <span class='ocrx_word' id='word_1_202' title='bbox 719 2389 916 2452; x_wconf 80' lang='lat' dir='ltr'><strong>Pirithoum?</strong></span> <span class='ocrx_word' id='word_1_203' title='bbox 929 2394 978 2452; x_wconf 85' lang='lat' dir='ltr'><strong>An</strong></span> <span class='ocrx_word' id='word_1_204' title='bbox 993 2413 1067 2452; x_wconf 87' lang='lat' dir='ltr'><strong>vero</strong></span> <span class='ocrx_word' id='word_1_205' title='bbox 1079 2390 1171 2452; x_wconf 77' lang='lat' dir='ltr'><strong>hmo?</strong></span> <span class='ocrx_word' id='word_1_206' title='bbox 1184 2389 1263 2468; x_wconf 90' lang='lat' dir='ltr'><strong>Quid</strong></span> 
     </span>
     <span class='ocr_line' id='line_1_26' title="bbox 220 2477 1305 2562; baseline -0.001 -24"><span class='ocrx_word' id='word_1_207' title='bbox 220 2497 391 2538; x_wconf 89' lang='lat' dir='ltr'><strong>memorem</strong></span> <span class='ocrx_word' id='word_1_208' title='bbox 406 2477 485 2538; x_wconf 88' lang='lat' dir='ltr'><strong>duos</strong></span> <span class='ocrx_word' id='word_1_209' title='bbox 501 2477 573 2540; x_wconf 88' lang='lat' dir='ltr'><strong>illos</strong></span> <span class='ocrx_word' id='word_1_210' title='bbox 583 2477 738 2562; x_wconf 60' lang='lat' dir='ltr'><strong>,Lapithas</strong></span> <span class='ocrx_word' id='word_1_211' title='bbox 752 2479 837 2540; x_wconf 88' lang='lat' dir='ltr'><strong>fama</strong></span> <span class='ocrx_word' id='word_1_212' title='bbox 851 2481 1048 2556; x_wconf 86' lang='lat' dir='ltr'><strong>notissimos,</strong></span> <span class='ocrx_word' id='word_1_213' title='bbox 1063 2481 1225 2554; x_wconf 86' lang='lat' dir='ltr'><strong>Ixionem,</strong></span> <span class='ocrx_word' id='word_1_214' title='bbox 1236 2491 1263 2538; x_wconf 86' lang='lat' dir='ltr'><strong>st</strong></span> <span class='ocrx_word' id='word_1_215' title='bbox 1304 2549 1305 2556; x_wconf 12' lang='grc' dir='ltr'>ἶ</span> 
     </span>
     <span class='ocr_line' id='line_1_27' title="bbox 219 2565 1305 2652; baseline -0.004 -22"><span class='ocrx_word' id='word_1_216' title='bbox 219 2565 416 2630; x_wconf 77' lang='lat' dir='ltr'><strong>Pirithoum?</strong></span> <span class='ocrx_word' id='word_1_217' title='bbox 425 2569 467 2627; x_wconf 90' lang='lat' dir='ltr'><strong>Ili</strong></span> <span class='ocrx_word' id='word_1_218' title='bbox 479 2569 563 2628; x_wconf 85' lang='lat' dir='ltr'><strong>enim</strong></span> <span class='ocrx_word' id='word_1_219' title='bbox 575 2565 639 2628; x_wconf 89' lang='lat' dir='ltr'><strong>duo</strong></span> <span class='ocrx_word' id='word_1_220' title='bbox 648 2565 791 2652; x_wconf 82' lang='lat' dir='ltr'><strong>Lapithae</strong></span> <span class='ocrx_word' id='word_1_221' title='bbox 800 2569 946 2632; x_wconf 83' lang='lat' dir='ltr'><strong>luerunt:</strong></span> <span class='ocrx_word' id='word_1_222' title='bbox 960 2571 1059 2630; x_wconf 90' lang='lat' dir='ltr'><strong>immo</strong></span> <span class='ocrx_word' id='word_1_223' title='bbox 1071 2571 1165 2630; x_wconf 85' lang='lat' dir='ltr'><strong>Ixion</strong></span> <span class='ocrx_word' id='word_1_224' title='bbox 1176 2569 1262 2649; x_wconf 85' lang='lat' dir='ltr'><strong>Lapi-</strong></span> <span class='ocrx_word' id='word_1_225' title='bbox 1304 2567 1305 2589; x_wconf 35' lang='lat' dir='ltr'><strong>l</strong></span> 
     </span>
     <span class='ocr_line' id='line_1_28' title="bbox 221 2655 1261 2734; baseline -0.005 -15"><span class='ocrx_word' id='word_1_226' title='bbox 221 2656 348 2719; x_wconf 90' lang='lat' dir='ltr'><strong>tharum</strong></span> <span class='ocrx_word' id='word_1_227' title='bbox 360 2657 424 2716; x_wconf 85' lang='lat' dir='ltr'><strong>Rex</strong></span> <span class='ocrx_word' id='word_1_228' title='bbox 431 2680 440 2734; x_wconf 89' lang='lat'>;</span> <span class='ocrx_word' id='word_1_229' title='bbox 455 2669 486 2716; x_wconf 85' lang='lat' dir='ltr'><strong>ot</strong></span> <span class='ocrx_word' id='word_1_230' title='bbox 497 2655 672 2732; x_wconf 87' lang='lat' dir='ltr'><strong>Pirithous,</strong></span> <span class='ocrx_word' id='word_1_231' title='bbox 686 2659 805 2718; x_wconf 89' lang='lat' dir='ltr'><strong>etiamsi</strong></span> <span class='ocrx_word' id='word_1_232' title='bbox 816 2659 903 2718; x_wconf 86' lang='lat' dir='ltr'><strong>Iovia</strong></span> <span class='ocrx_word' id='word_1_233' title='bbox 913 2655 1013 2732; x_wconf 86' lang='lat' dir='ltr'><strong>filius,</strong></span> <span class='ocrx_word' id='word_1_234' title='bbox 1028 2670 1139 2718; x_wconf 88' lang='lat' dir='ltr'><strong>tamen</strong></span> <span class='ocrx_word' id='word_1_235' title='bbox 1149 2672 1180 2716; x_wconf 91' lang='lat' dir='ltr'><strong>et</strong></span> <span class='ocrx_word' id='word_1_236' title='bbox 1191 2657 1261 2716; x_wconf 85' lang='lat' dir='ltr'><strong>Ixio-</strong></span> 
     </span>
     <span class='ocr_line' id='line_1_29' title="bbox 219 2742 1260 2829; baseline -0.007 -21"><span class='ocrx_word' id='word_1_237' title='bbox 219 2749 269 2808; x_wconf 88' lang='lat' dir='ltr'><strong>nis</strong></span> <span class='ocrx_word' id='word_1_238' title='bbox 279 2744 423 2806; x_wconf 90' lang='lat' dir='ltr'><strong>creditus.</strong></span> <span class='ocrx_word' id='word_1_239' title='bbox 436 2745 473 2806; x_wconf 89' lang='lat' dir='ltr'><strong>In</strong></span> <span class='ocrx_word' id='word_1_240' title='bbox 482 2747 687 2826; x_wconf 84' lang='lat' dir='ltr'><strong>posteriorem</strong></span> <span class='ocrx_word' id='word_1_241' title='bbox 700 2747 936 2829; x_wconf 84' lang='lat' dir='ltr'><strong>explicationem</strong></span> <span class='ocrx_word' id='word_1_242' title='bbox 949 2745 1058 2807; x_wconf 88' lang='lat' dir='ltr'><strong>doctos</strong></span> <span class='ocrx_word' id='word_1_243' title='bbox 1070 2745 1165 2806; x_wconf 84' lang='lat' dir='ltr'><strong>video</strong></span> <span class='ocrx_word' id='word_1_244' title='bbox 1178 2742 1260 2804; x_wconf 89' lang='lat' dir='ltr'><strong>incli-</strong></span> 
     </span>
     <span class='ocr_line' id='line_1_30' title="bbox 220 2831 1304 2918; baseline -0.004 -23"><span class='ocrx_word' id='word_1_245' title='bbox 220 2855 305 2896; x_wconf 90' lang='lat' dir='ltr'><strong>nare.</strong></span> <span class='ocrx_word' id='word_1_246' title='bbox 319 2832 377 2897; x_wconf 82' lang='lat' dir='ltr'><strong>sed</strong></span> <span class='ocrx_word' id='word_1_247' title='bbox 395 2853 465 2915; x_wconf 79' lang='lat' dir='ltr'><strong>quae</strong></span> <span class='ocrx_word' id='word_1_248' title='bbox 479 2831 593 2896; x_wconf 89' lang='lat' dir='ltr'><strong>horum</strong></span> <span class='ocrx_word' id='word_1_249' title='bbox 610 2834 724 2917; x_wconf 80' lang='lat' dir='ltr'><strong>poenal</strong></span> <span class='ocrx_word' id='word_1_250' title='bbox 739 2834 873 2918; x_wconf 85' lang='lat' dir='ltr'><strong>duplex:</strong></span> <span class='ocrx_word' id='word_1_251' title='bbox 891 2835 1009 2916; x_wconf 86' lang='lat' dir='ltr'><strong>prima,</strong></span> <span class='ocrx_word' id='word_1_252' title='bbox 1023 2854 1096 2916; x_wconf 83' lang='lat' dir='ltr'><strong>quos</strong></span> <span class='ocrx_word' id='word_1_253' title='bbox 1107 2844 1261 2914; x_wconf 80' lang='lat' dir='ltr'><strong>superatur</strong></span> <span class='ocrx_word' id='word_1_254' title='bbox 1303 2881 1304 2918; x_wconf 68' lang='lat'><strong>,</strong></span> 
     </span>
     <span class='ocr_line' id='line_1_31' title="bbox 219 2921 1261 3004; baseline -0.003 -20"><span class='ocrx_word' id='word_1_255' title='bbox 219 2921 308 2999; x_wconf 81' lang='lat' dir='ltr'><strong>silex,</strong></span> <span class='ocrx_word' id='word_1_256' title='bbox 321 2935 396 2996; x_wconf 79' lang='lat' dir='ltr'><strong>etc,</strong></span> <span class='ocrx_word' id='word_1_257' title='bbox 412 2921 525 2998; x_wconf 85' lang='lat' dir='ltr'><strong>altera,</strong></span> <span class='ocrx_word' id='word_1_258' title='bbox 541 2921 823 3004; x_wconf 73' lang='lat' dir='ltr'><strong>locentqenialt&#39;hus,</strong></span> <span class='ocrx_word' id='word_1_259' title='bbox 841 2937 897 2986; x_wconf 85' lang='lat' dir='ltr'><strong>otc.</strong></span> <span class='ocrx_word' id='word_1_260' title='bbox 909 2947 916 2984; x_wconf 74' lang='grc' dir='ltr'><strong>ε</strong></span> <span class='ocrx_word' id='word_1_261' title='bbox 930 2937 1100 2984; x_wconf 89' lang='lat' dir='ltr'><strong>extremam</strong></span> <span class='ocrx_word' id='word_1_262' title='bbox 1113 2924 1195 2982; x_wconf 91' lang='lat' dir='ltr'><strong>mire</strong></span> <span class='ocrx_word' id='word_1_263' title='bbox 1205 2941 1261 2981; x_wconf 83' lang='lat' dir='ltr'><strong>orn·</strong></span> 
     </span>
     <span class='ocr_line' id='line_1_32' title="bbox 219 3009 1259 3096; baseline -0.003 -26"><span class='ocrx_word' id='word_1_264' title='bbox 219 3009 471 3096; x_wconf 78' lang='lat' dir='ltr'><strong>plificatltuque</strong></span> <span class='ocrx_word' id='word_1_265' title='bbox 487 3009 567 3092; x_wconf 86' lang='lat' dir='ltr'><strong>lapis</strong></span> <span class='ocrx_word' id='word_1_266' title='bbox 585 3025 630 3070; x_wconf 90' lang='lat' dir='ltr'><strong>est</strong></span> <span class='ocrx_word' id='word_1_267' title='bbox 644 3013 755 3093; x_wconf 82' lang='lat' dir='ltr'><strong>ingens</strong></span> <span class='ocrx_word' id='word_1_268' title='bbox 768 3034 861 3096; x_wconf 84' lang='lat' dir='ltr'><strong>super</strong></span> <span class='ocrx_word' id='word_1_269' title='bbox 872 3013 942 3074; x_wconf 90' lang='lat' dir='ltr'><strong>illos</strong></span> <span class='ocrx_word' id='word_1_270' title='bbox 954 3033 1045 3094; x_wconf 84' lang='lat' dir='ltr'><strong>paene</strong></span> <span class='ocrx_word' id='word_1_271' title='bbox 1055 3009 1218 3094; x_wconf 86' lang='lat' dir='ltr'><strong>lapsurus,</strong></span> <span class='ocrx_word' id='word_1_272' title='bbox 1230 3021 1259 3068; x_wconf 92' lang='lat' dir='ltr'><strong>ut</strong></span> 
     </span>
     <span class='ocr_line' id='line_1_33' title="bbox 219 3098 1258 3176; baseline -0.005 -15"><span class='ocrx_word' id='word_1_273' title='bbox 219 3113 335 3161; x_wconf 81' lang='lat' dir='ltr'><strong>aeterno</strong></span> <span class='ocrx_word' id='word_1_274' title='bbox 346 3113 433 3158; x_wconf 88' lang='lat' dir='ltr'><strong>metu</strong></span> <span class='ocrx_word' id='word_1_275' title='bbox 445 3099 638 3158; x_wconf 86' lang='lat' dir='ltr'><strong>crucientur:</strong></span> <span class='ocrx_word' id='word_1_276' title='bbox 654 3098 782 3176; x_wconf 89' lang='lat' dir='ltr'><strong>deinde,</strong></span> <span class='ocrx_word' id='word_1_277' title='bbox 797 3099 915 3162; x_wconf 87' lang='lat' dir='ltr'><strong>hahent</strong></span> <span class='ocrx_word' id='word_1_278' title='bbox 925 3121 1031 3160; x_wconf 92' lang='lat' dir='ltr'><strong>coram</strong></span> <span class='ocrx_word' id='word_1_279' title='bbox 1041 3121 1073 3160; x_wconf 88' lang='lat' dir='ltr'><strong>se</strong></span> <span class='ocrx_word' id='word_1_280' title='bbox 1085 3119 1210 3159; x_wconf 83' lang='lat' dir='ltr'><strong>mensas</strong></span> <span class='ocrx_word' id='word_1_281' title='bbox 1221 3117 1258 3157; x_wconf 83' lang='lat' dir='ltr'><strong>er·</strong></span> 
     </span>
     <span class='ocr_line' id='line_1_34' title="bbox 218 3184 1258 3271; baseline -0.001 -25"><span class='ocrx_word' id='word_1_282' title='bbox 218 3188 451 3262; x_wconf 77' lang='lat' dir='ltr'><strong>structiesims&#39;s3</strong></span> <span class='ocrx_word' id='word_1_283' title='bbox 469 3184 523 3246; x_wconf 84' lang='lat' dir='ltr'><strong>sed</strong></span> <span class='ocrx_word' id='word_1_284' title='bbox 540 3186 674 3267; x_wconf 71' lang='lat' dir='ltr'><strong>Megaera</strong></span> <span class='ocrx_word' id='word_1_285' title='bbox 685 3191 841 3250; x_wconf 70' lang='lat' dir='ltr'><strong>birriarum</strong></span> <span class='ocrx_word' id='word_1_286' title='bbox 855 3191 985 3250; x_wconf 80' lang='lat' dir='ltr'><strong>maxima</strong></span> <span class='ocrx_word' id='word_1_287' title='bbox 994 3185 1085 3271; x_wconf 82' lang='lat' dir='ltr'><strong>juxto</strong></span> <span class='ocrx_word' id='word_1_288' title='bbox 1099 3184 1169 3246; x_wconf 82' lang='lat' dir='ltr'><strong>illos</strong></span> <span class='ocrx_word' id='word_1_289' title='bbox 1183 3206 1258 3247; x_wconf 75' lang='lat' dir='ltr'><strong>acco</strong></span> 
     </span>
     <span class='ocr_line' id='line_1_35' title="bbox 220 3271 1257 3357; baseline -0.001 -24"><span class='ocrx_word' id='word_1_290' title='bbox 220 3271 282 3349; x_wconf 85' lang='lat' dir='ltr'><strong>bot,</strong></span> <span class='ocrx_word' id='word_1_291' title='bbox 299 3293 401 3356; x_wconf 83' lang='lat' dir='ltr'><strong>neque</strong></span> <span class='ocrx_word' id='word_1_292' title='bbox 413 3275 487 3334; x_wconf 92' lang='lat' dir='ltr'><strong>sinit</strong></span> <span class='ocrx_word' id='word_1_293' title='bbox 498 3275 663 3356; x_wconf 79' lang='lat' dir='ltr'><strong>continqeru</strong></span> <span class='ocrx_word' id='word_1_294' title='bbox 674 3275 809 3337; x_wconf 72' lang='lat' dir='ltr'><strong>manlieu</strong></span> <span class='ocrx_word' id='word_1_295' title='bbox 820 3297 949 3350; x_wconf 57' lang='lat' dir='ltr'><strong>monson</strong></span> <span class='ocrx_word' id='word_1_296' title='bbox 965 3297 1042 3334; x_wconf 87' lang='lat' dir='ltr'><strong>nam</strong></span> <span class='ocrx_word' id='word_1_297' title='bbox 1051 3271 1201 3357; x_wconf 79' lang='lat' dir='ltr'><strong>prohibet,</strong></span> <span class='ocrx_word' id='word_1_298' title='bbox 1217 3294 1257 3332; x_wconf 80' lang='lat' dir='ltr'><strong>er·</strong></span> 
     </span>
     <span class='ocr_line' id='line_1_36' title="bbox 216 3361 1258 3446; baseline 0.003 -28"><span class='ocrx_word' id='word_1_299' title='bbox 216 3363 325 3441; x_wconf 65' lang='lat' dir='ltr'><strong>sumit,</strong></span> <span class='ocrx_word' id='word_1_300' title='bbox 339 3364 462 3421; x_wconf 81' lang='lat' dir='ltr'><strong>intonat.</strong></span> <span class='ocrx_word' id='word_1_301' title='bbox 476 3361 550 3420; x_wconf 81' lang='lat' dir='ltr'><strong>IIaec</strong></span> <span class='ocrx_word' id='word_1_302' title='bbox 563 3363 735 3437; x_wconf 79' lang='lat' dir='ltr'><strong>seutentia3</strong></span> <span class='ocrx_word' id='word_1_303' title='bbox 748 3365 887 3446; x_wconf 87' lang='lat' dir='ltr'><strong>expende</strong></span> <span class='ocrx_word' id='word_1_304' title='bbox 899 3363 997 3423; x_wconf 90' lang='lat' dir='ltr'><strong>illam.</strong></span> <span class='ocrx_word' id='word_1_305' title='bbox 1012 3365 1151 3424; x_wconf 81' lang='lat' dir='ltr'><strong>Summae</strong></span> <span class='ocrx_word' id='word_1_306' title='bbox 1162 3361 1258 3441; x_wconf 86' lang='lat' dir='ltr'><strong>volup·</strong></span> 
     </span>
     <span class='ocr_line' id='line_1_37' title="bbox 213 3445 1256 3538; baseline 0.006 -34"><span class='ocrx_word' id='word_1_307' title='bbox 213 3449 277 3505; x_wconf 87' lang='lat' dir='ltr'><strong>tati</strong></span> <span class='ocrx_word' id='word_1_308' title='bbox 292 3445 456 3509; x_wconf 88' lang='lat' dir='ltr'><strong>horrorem</strong></span> <span class='ocrx_word' id='word_1_309' title='bbox 471 3469 628 3510; x_wconf 86' lang='lat' dir='ltr'><strong>summum</strong></span> <span class='ocrx_word' id='word_1_310' title='bbox 638 3453 784 3534; x_wconf 91' lang='lat' dir='ltr'><strong>opponit.</strong></span> <span class='ocrx_word' id='word_1_311' title='bbox 800 3453 896 3512; x_wconf 81' lang='lat' dir='ltr'><strong>Audis</strong></span> <span class='ocrx_word' id='word_1_312' title='bbox 900 3451 1018 3538; x_wconf 74' lang='lat' dir='ltr'><strong>sirleto,</strong></span> <span class='ocrx_word' id='word_1_313' title='bbox 1031 3449 1153 3528; x_wconf 78' lang='lat' dir='ltr'><strong>ethmc,</strong></span> <span class='ocrx_word' id='word_1_314' title='bbox 1164 3469 1256 3521; x_wconf 77' lang='lat' dir='ltr'><strong>aneo,</strong></span> 
     </span>
     <span class='ocr_line' id='line_1_38' title="bbox 213 3533 1258 3621; baseline 0.004 -32"><span class='ocrx_word' id='word_1_315' title='bbox 213 3534 255 3591; x_wconf 90' lang='lat' dir='ltr'><strong>in</strong></span> <span class='ocrx_word' id='word_1_316' title='bbox 266 3537 332 3593; x_wconf 85' lang='lat' dir='ltr'><strong>ton&#39;s</strong></span> <span class='ocrx_word' id='word_1_317' title='bbox 341 3533 517 3616; x_wconf 75' lang='lat' dir='ltr'><strong>qeniolihus,</strong></span> <span class='ocrx_word' id='word_1_318' title='bbox 529 3537 560 3597; x_wconf 91' lang='lat' dir='ltr'><strong>id</strong></span> <span class='ocrx_word' id='word_1_319' title='bbox 571 3550 632 3614; x_wconf 87' lang='lat' dir='ltr'><strong>est,</strong></span> <span class='ocrx_word' id='word_1_320' title='bbox 641 3539 853 3621; x_wconf 86' lang='lat' dir='ltr'><strong>voluptuosis,</strong></span> <span class='ocrx_word' id='word_1_321' title='bbox 862 3539 968 3602; x_wconf 79' lang='lat' dir='ltr'><strong>ethaec</strong></span> <span class='ocrx_word' id='word_1_322' title='bbox 980 3539 1141 3601; x_wconf 85' lang='lat' dir='ltr'><strong>lucentia:</strong></span> <span class='ocrx_word' id='word_1_323' title='bbox 1155 3533 1258 3598; x_wconf 86' lang='lat' dir='ltr'><strong>deinde</strong></span> 
     </span>
     <span class='ocr_line' id='line_1_39' title="bbox 220 3620 1256 3710; baseline 0.001 -30"><span class='ocrx_word' id='word_1_324' title='bbox 220 3620 344 3702; x_wconf 86' lang='lat' dir='ltr'><strong>epulas,</strong></span> <span class='ocrx_word' id='word_1_325' title='bbox 361 3637 392 3682; x_wconf 93' lang='lat' dir='ltr'><strong>et</strong></span> <span class='ocrx_word' id='word_1_326' title='bbox 402 3621 460 3684; x_wconf 86' lang='lat' dir='ltr'><strong>has</strong></span> <span class='ocrx_word' id='word_1_327' title='bbox 470 3641 613 3706; x_wconf 88' lang='lat' dir='ltr'><strong>paratas,</strong></span> <span class='ocrx_word' id='word_1_328' title='bbox 630 3649 693 3710; x_wconf 90' lang='lat' dir='ltr'><strong>quo</strong></span> <span class='ocrx_word' id='word_1_329' title='bbox 705 3630 894 3701; x_wconf 82' lang='lat' dir='ltr'><strong>invitentur3</strong></span> <span class='ocrx_word' id='word_1_330' title='bbox 913 3641 944 3688; x_wconf 92' lang='lat' dir='ltr'><strong>et</strong></span> <span class='ocrx_word' id='word_1_331' title='bbox 954 3640 1022 3688; x_wconf 84' lang='lat' dir='ltr'><strong>anto</strong></span> <span class='ocrx_word' id='word_1_332' title='bbox 1033 3648 1102 3700; x_wconf 81' lang='lat' dir='ltr'><strong>otu,</strong></span> <span class='ocrx_word' id='word_1_333' title='bbox 1122 3647 1188 3708; x_wconf 91' lang='lat' dir='ltr'><strong>quo</strong></span> <span class='ocrx_word' id='word_1_334' title='bbox 1200 3622 1256 3683; x_wconf 90' lang='lat' dir='ltr'><strong>irri-</strong></span> 
     </span>
    </p>
   </div>
   <div class='ocr_carea' id='block_1_3' title="bbox 219 3777 1255 4014">
    <p class='ocr_par' dir='ltr' id='par_1_6' title="bbox 219 3777 1255 4014">
     <span class='ocr_line' id='line_1_40' title="bbox 219 3777 1255 3858; baseline 0.007 -28"><span class='ocrx_word' id='word_1_335' title='bbox 219 3778 314 3846; x_wconf 85' lang='lat' dir='ltr'><strong>lesque</strong></span> <span class='ocrx_word' id='word_1_336' title='bbox 332 3777 427 3832; x_wconf 75' lang='lat' dir='ltr'><strong>bellua</strong></span> <span class='ocrx_word' id='word_1_337' title='bbox 443 3779 564 3836; x_wconf 87' lang='lat' dir='ltr'><strong>latebant</strong></span> <span class='ocrx_word' id='word_1_338' title='bbox 580 3785 630 3837; x_wconf 80' lang='lat' dir='ltr'><strong>sub</strong></span> <span class='ocrx_word' id='word_1_339' title='bbox 648 3789 721 3837; x_wconf 87' lang='lat' dir='ltr'><strong>rorio</strong></span> <span class='ocrx_word' id='word_1_340' title='bbox 766 3789 815 3852; x_wconf 90' lang='lat' dir='ltr'><strong>III,</strong></span> <span class='ocrx_word' id='word_1_341' title='bbox 834 3805 873 3858; x_wconf 88' lang='lat'><strong>¹9·</strong></span> <span class='ocrx_word' id='word_1_342' title='bbox 890 3785 1088 3840; x_wconf 52' lang='lat' dir='ltr'><strong>Taubme-De</strong></span> <span class='ocrx_word' id='word_1_343' title='bbox 1099 3783 1255 3836; x_wconf 81' lang='lat' dir='ltr'><strong>hocSalmo-</strong></span> 
     </span>
     <span class='ocr_line' id='line_1_41' title="bbox 222 3852 1254 3933; baseline 0.01 -28"><span class='ocrx_word' id='word_1_344' title='bbox 222 3852 381 3918; x_wconf 78' lang='lat' dir='ltr'><strong>AlexandrI,</strong></span> <span class='ocrx_word' id='word_1_345' title='bbox 394 3855 554 3924; x_wconf 75' lang='lat' dir='ltr'><strong>Dominam,</strong></span> <span class='ocrx_word' id='word_1_346' title='bbox 570 3863 721 3933; x_wconf 70' lang='lat' dir='ltr'><strong>Cambysae,</strong></span> <span class='ocrx_word' id='word_1_347' title='bbox 765 3882 831 3932; x_wconf 91' lang='lat' dir='ltr'><strong>neo,</strong></span> <span class='ocrx_word' id='word_1_348' title='bbox 842 3861 903 3915; x_wconf 88' lang='lat' dir='ltr'><strong>vide</strong></span> <span class='ocrx_word' id='word_1_349' title='bbox 912 3863 1058 3916; x_wconf 60' lang='lat' dir='ltr'><strong>&amp;cursum</strong></span> <span class='ocrx_word' id='word_1_350' title='bbox 1064 3864 1130 3930; x_wconf 88' lang='lat' dir='ltr'><strong>XII,</strong></span> <span class='ocrx_word' id='word_1_351' title='bbox 1141 3877 1202 3916; x_wconf 85' lang='lat' dir='ltr'><strong>tom.</strong></span> <span class='ocrx_word' id='word_1_352' title='bbox 1213 3863 1254 3925; x_wconf 80' lang='lat'><strong>111,</strong></span> 
     </span>
     <span class='ocr_line' id='line_1_42' title="bbox 224 3932 899 4014; baseline 0.016 -29"><span class='ocrx_word' id='word_1_353' title='bbox 224 3933 353 3998; x_wconf 83' lang='lat' dir='ltr'><strong>aliorum,</strong></span> <span class='ocrx_word' id='word_1_354' title='bbox 370 3932 493 3986; x_wconf 77' lang='lat' dir='ltr'><strong>videatur</strong></span> <span class='ocrx_word' id='word_1_355' title='bbox 512 3935 628 4010; x_wconf 71' lang='lat' dir='ltr'><strong>Scaliger</strong></span> <span class='ocrx_word' id='word_1_356' title='bbox 645 3941 718 3992; x_wconf 90' lang='lat' dir='ltr'><strong>Poet.</strong></span> <span class='ocrx_word' id='word_1_357' title='bbox 764 3959 825 4014; x_wconf 74' lang='lat' dir='ltr'><strong>pag.</strong></span> <span class='ocrx_word' id='word_1_358' title='bbox 842 3943 899 3996; x_wconf 76' lang='lat'><strong>238.</strong></span> 
     </span>
    </p>
   </div>
   <div class='ocr_carea' id='block_1_4' title="bbox 0 0 1328 4606">
    <p class='ocr_par' dir='ltr' id='par_1_7' title="bbox 0 0 1328 4606">
     <span class='ocr_line' id='line_1_43' title="bbox 0 0 1328 4606; baseline 0 0"><span class='ocrx_word' id='word_1_359' title='bbox 0 0 1328 4606; x_wconf 95' lang='lat' dir='ltr'><strong> </strong></span> 
     </span>
    </p>
   </div>
  </div>
 </body>
</html>
