2646 4606
308 364 359 426 ru
383 337 823 430 unumunurn-vr.
1022 370 1085 462 409

42 487 81 550 dc
93 491 112 548 J
114 487 180 548 ulio
192 489 309 548 mentio
319 485 394 546 alibi
405 488 439 546 in
448 483 507 546 hoc
517 484 618 562 libr03
631 489 663 546 in
674 487 736 548 illis
746 511 886 572 magnum
895 488 1086 552 cmlisuentura

42 577 94 640 sub
110 591 215 652 wem,
233 599 272 638 an
293 578 437 638 innuitur
454 577 610 636 Cesaram
629 577 826 658 apotheosis?
846 603 886 640 an
906 581 1087 661 simpliciter

42 667 245 750 capiendum,
260 672 317 750 pro
330 668 436 726 vivent
447 665 589 742 tandem,
603 682 821 750 emergentque
835 672 868 729 in
880 671 1000 732 lucem?

83 758 234 836 791.Jam
251 754 303 815 hic
318 754 417 836 digito
432 757 604 836 Augustum
616 756 733 835 signat:
748 755 824 816 dicit
837 770 955 834 autem,
971 757 1017 820 hic
1028 759 1087 831 vir,
1113 815 1115 822 ,

44 844 93 904 laic
106 858 162 918 est,
180 859 213 905 ut
229 851 336 926 supra,
351 843 407 904 hnc
423 847 568 926 geminus,
587 841 662 904 huc:
677 858 767 904 vocat
783 858 885 906 autem
898 848 1088 928 Augustum,

42 934 154 991 Divum
166 953 271 1014 genus,
287 952 352 990 nou
365 931 465 991 solum
478 945 609 1012 propter
622 945 742 1011 patrem
756 934 774 991 J
778 933 892 1007 ulium,
907 935 960 1013 qui
974 933 1087 993 Divus:

41 1020 96 1080 sed
112 1033 239 1102 propter
259 1022 363 1102 ipsum
383 1022 526 1095 AEneam,
544 1019 682 1101 aliosque
698 1041 733 1079 ex
750 1021 1003 1102 progenitoribus
1024 1024 1088 1080 Au-

41 1113 140 1193 gusti,
154 1110 208 1193 qui
223 1112 350 1171 assecuti
364 1125 435 1171 sunt
450 1111 573 1170 divinos
588 1109 739 1184 honores3
750 1126 844 1191 atque
858 1111 949 1186 adeo,
962 1124 1089 1191 propter

41 1200 143 1280 ipsum
164 1201 289 1274 lovem,
308 1201 362 1280 qui
382 1211 468 1281 pater
485 1198 639 1274 Dardani,
661 1219 678 1258 a
699 1219 762 1279 quo
782 1198 918 1280 Trojani.
941 1197 1090 1276 Praedicat

40 1309 116 1346 vero
133 1287 195 1348 duo
210 1286 249 1348 de
263 1289 415 1369 August03
432 1288 585 1370 primum,
603 1286 707 1348 condet
722 1309 818 1348 rursus
831 1309 920 1349 aurea
935 1283 1042 1348 sucula
1057 1289 1090 1346 in

41 1378 128 1434 Latio
136 1423 145 1450 ,
167 1375 275 1456 idque,
294 1398 347 1458 per
358 1398 430 1435 arua
443 1375 511 1451 illa,
524 1375 680 1456 quondum
693 1389 813 1457 regnata
825 1378 967 1460 Saturno,
986 1375 1018 1433 id
1031 1385 1089 1448 est,

42 1464 77 1522 in
92 1464 173 1522 arvis
188 1485 204 1522 a
217 1465 349 1524 Saturno
363 1465 513 1544 regnatis:
527 1462 592 1524 haec
606 1463 771 1534 commoda
786 1479 831 1524 est
844 1464 1021 1547 explicati03
1036 1461 1089 1522 sed

39 1551 96 1610 alii
118 1551 205 1614 aliter
225 1553 402 1634 explicant:
425 1552 576 1628 alterum,
595 1553 678 1634 quod
700 1553 863 1634 praedicat,
885 1567 945 1636 est,
961 1573 1046 1632 super
1062 1563 1091 1610 et

39 1643 239 1702 Garamantas
260 1657 288 1703 et
309 1641 398 1702 indos
420 1643 552 1725 Profemt
571 1646 747 1725 imperium:
768 1642 897 1726 pulchra
920 1641 986 1702 haec
1007 1653 1088 1700 sunt.

38 1729 242 1790 Garamantes
251 1733 283 1790 in
294 1729 396 1790 Africa
408 1745 495 1804 sunt3
508 1729 579 1790 lodi
591 1731 625 1790 in
635 1731 720 1791 Asia:
734 1732 877 1790 innuitur
889 1751 977 1812 ergo,
990 1729 1089 1810 impe-

38 1817 124 1875 rium
139 1820 266 1899 Augusti
281 1820 452 1878 maximum
468 1818 551 1895 fore,
570 1833 605 1878 ut
622 1821 675 1901 qui
691 1841 756 1880 non
771 1824 934 1880 contentus
949 1819 1089 1899 Europa,
1105 1825 1108 1842 ¹

37 1906 95 1964 uhi
120 1920 164 1966 est
184 1911 323 1984 Latium,
347 1907 482 1968 Africam
505 1911 599 1968 etiam
622 1931 766 1986 omnem,
788 1923 817 1970 et
839 1929 964 1970 omnem
985 1908 1089 1966 Asiam

38 1993 204 2056 additurus
221 2011 296 2058 esset
313 1999 445 2080 imperio
463 2019 537 2072 su03
555 1998 728 2079 etquidem
745 2019 870 2058 omnem
888 1997 1040 2070 Africam,
1059 2006 1090 2054 et

37 2104 166 2143 omnem
182 2089 282 2148 Asiam
297 2087 466 2169 designari,
479 2087 592 2168 liquet;
608 2109 682 2148 nam
697 2103 848 2148 extremos
865 2087 974 2148 Africae
990 2086 1088 2146 Gara·

36 2185 177 2250 mantas,
195 2191 225 2236 et
240 2191 394 2238 extremos
409 2179 489 2238 Asiae
505 2177 599 2238 ludos
616 2179 793 2259 assumpsit,
804 2176 890 2258 juxta
905 2174 1088 2256 opinionem

37 2265 221 2326 mortalium
234 2280 301 2326 tum
314 2270 473 2349 temporis.

79 2355 146 2431 7'95.
161 2353 305 2434 Sequitur
313 2357 392 2414 mira
405 2357 565 2418 exornatio
579 2357 619 2416 ad
631 2378 678 2418 res
689 2358 833 2438 Augusti,
845 2357 897 2437 qui
908 2351 1088 2436 prolaturus

36 2453 115 2498 esset
128 2439 294 2519 imperium
306 2455 389 2502 extra
399 2441 464 2503 coeti
474 2443 585 2504 sidera:
598 2446 673 2526 quid
687 2445 855 2528 intelligat,
865 2465 896 2504 se
908 2446 972 2529 ipse
984 2439 1087 2500 statim

35 2526 188 2606 explicat,
196 2527 328 2604 addens,
338 2543 418 2590 exon
427 2533 501 2590 anni
511 2529 644 2614 Solisque
652 2535 729 2606 oias3
740 2536 797 2592 vie
805 2531 885 2592 ¹Solis
895 2535 1005 2590 κέλευθοι
1015 2531 1089 2590 ἡλίου

36 2628 113 2674 sunt
132 2637 150 2674 a
168 2617 287 2676 Cancro
304 2617 343 2678 ad
361 2618 603 2702 Capricornum:
620 2624 721 2704 signat
738 2623 842 2702 itaque
858 2635 950 2703 pocta
968 2630 1089 2699 partem

36 2701 166 2780 Africae,
179 2703 233 2765 ubi
247 2721 290 2768 est
303 2729 393 2768 mons
406 2709 504 2786 Atlas,
518 2731 586 2791 quae
597 2731 669 2793 pars
680 2724 831 2771 terrarum
846 2723 891 2770 est
903 2721 986 2767 extra
996 2706 1089 2786 signi·

37 2791 158 2868 ferum,
177 2809 207 2854 et
226 2795 296 2856 ideo
312 2819 377 2858 esse
393 2812 475 2858 extra
494 2799 571 2859 Solis
586 2803 650 2860 vias
664 2801 793 2874 dicitur,
810 2795 987 2878 ac'perinde
1004 2807 1088 2852 extra

36 2882 155 2958 sidera,
174 2887 325 2946 nimirum
341 2887 484 2948 Zodiaci:
504 2889 591 2950 aliter
604 2904 694 2971 poeta
709 2889 817 2970 nequit
831 2886 981 2965 intelligi:
999 2881 1087 2941 nulla

36 2975 124 3032 enim
136 2973 226 3034 tellus
240 2991 324 3038 extra
338 2977 437 3038 sidera
452 2981 595 3040 universa
609 2993 663 3039 est.

81 3061 149 3144 798.
169 3067 286 3126 Probat
304 3067 552 3148 magnitudinem
572 3069 699 3151 Imperii
717 3069 862 3148 Augusti,
882 3085 917 3124 ex
935 3059 1089 3155 responsis

36 3152 193 3226 Deorum,
210 3155 383 3235 anticipans
403 3157 522 3236 poetice
541 3170 662 3237 tempus
682 3157 921 3237 praesagiorum
940 3149 1010 3209 ideo
1021 3167 1089 3232 pam

36 3261 136 3300 nunc:
151 3260 241 3321 ergo,
249 3239 319 3324 jam
334 3265 414 3304 nunc
430 3245 514 3318 Asia,
529 3245 669 3325 Europa,
686 3245 802 3318 Africa,
821 3243 939 3302 horrent
951 3240 1090 3320 responsis

34 3329 163 3400 Divum,
179 3327 211 3386 id
226 3344 287 3404 est,
299 3333 454 3412 incipiunt
463 3329 528 3411 jam
543 3335 651 3391 timere
664 3332 816 3390 admoniti
830 3327 976 3401 oraculis,
990 3343 1089 3407 quum

35 3413 215 3496 intelligant
226 3429 348 3497 tempus
358 3417 444 3491 fore,
456 3420 489 3476 in
504 3440 566 3499 quo
580 3421 758 3480 servitutem
771 3418 809 3476 ab
822 3419 960 3496 Augusto
973 3417 1089 3496 patian-

37 3523 100 3564 tur.
124 3505 226 3564 Asiam
249 3507 351 3586 signat
371 3528 427 3588 per
447 3529 537 3588 reqna
558 3509 676 3588 Caspia,
699 3511 857 3586 Europam
880 3525 936 3586 per
959 3501 1089 3564 tellurem
1132 3551 1135 3562 ,

35 3596 223 3667 rtaeoncam,
240 3595 374 3654 Africam
391 3617 447 3675 per
461 3595 577 3656 Nilum.
593 3597 687 3656 Vides
700 3611 733 3654 ut
748 3595 807 3654 sibi
822 3606 912 3674 poeta
925 3594 1004 3652 mire
1014 3611 1089 3652 con·

36 3695 143 3742 sonet:
160 3684 334 3742 sicutenim
349 3706 443 3764 supra
458 3686 601 3744 meminit
612 3685 746 3766 Europae
762 3685 795 3742 in
810 3685 919 3757 Latio,
933 3681 1041 3742 Africae
1054 3683 1089 3740 in

74 3859 135 3913 797.
149 3843 222 3894 Anni
233 3841 357 3914 Solisque.
369 3843 478 3895 Annum
491 3863 541 3914 pro
587 3843 637 3896 dus
650 3843 791 3896 excludat:
806 3859 870 3914 ergo
881 3842 975 3895 melius
986 3841 1087 3907 Caesar,

36 3936 134 3990 nocte,
144 3921 230 3977 Solem
240 3941 290 3994 pro
301 3923 361 3975 luce
370 3925 474 3996 posuit:
486 3925 542 3976 vult
587 3927 633 3996 qui
648 3924 683 3976 ad
697 3937 801 3976 tantum
820 3925 934 3994 spatium
948 3917 1088 3994 imperium

37 4021 102 4076 ergo
125 4001 229 4073 aliquid
251 4001 362 4054 ulterius
384 4004 464 4055 etiam
483 4021 541 4074 esse
585 4005 721 4076 proferet,
741 4021 822 4075 quam
834 4002 977 4069 Saturnus,
997 4001 1086 4072 quiin

35 4095 134 4154 poeta,
152 4079 226 4152 quod
237 4079 283 4132 Sol
294 4082 410 4150 nesciat,
426 4095 452 4136 et
464 4101 542 4137 mon-
586 4085 644 4138 sola
653 4086 774 4158 regnavit
785 4083 870 4137 ltalia.
884 4085 979 4136 Donat.
