2670 4596
412 301 749 385 nisQursrrro.
1047 306 1098 368 nx
1126 383 1129 392 1

5 419 6 422 ¹
54 445 186 528 quanta
201 446 282 516 arie
299 445 363 502 aul
381 455 468 500 cul'a
482 445 643 527 Ρθὸὃθῐὶῑ,
666 429 776 528 longa
790 444 824 500 el
837 445 963 500 ornata
978 455 1098 500 narra·

56 550 147 616 tione
162 541 498 616 circumducerent.

5 657 6 666 ³
97 663 205 743 Viros
215 659 481 733 feliciternatos
490 683 566 730 non
578 659 875 757 latueratquanto
887 659 1008 730 studio
1022 656 1099 730 vul·

57 801 116 873 gus
130 776 279 846 audiret
298 775 344 846 de
364 774 511 872 praeliis;
537 779 673 872 quippe
694 801 776 873 quae
797 774 900 846 nulla
921 790 1010 844 tunc
1026 771 1101 844 fere

5 957 6 960 ,
57 906 163 960 essent
177 894 251 962 nisi
270 889 392 962 fatalia
408 906 442 960 et
460 894 701 976 internecina,
722 905 829 987 atque
843 914 983 986 semper
998 885 1100 958 alteri

5 1071 6 1088 ἶ
58 1008 184 1075 civitati
212 1006 400 1078 excidium
432 1009 738 1101 servitutemque,
769 1003 870 1074 alteri
895 1002 1101 1099 plurimum

5 1107 6 1158 ἦ
57 1117 1101 1216 incrementietroborisafferrent.Quarequnmhominum

61 1230 153 1302 oculi
175 1237 338 1304 maxime
358 1233 576 1332 hujusmodi
603 1231 815 1330 spectaculis
839 1231 1103 1315 detinerentur,

61 1371 122 1416 nec
131 1365 280 1444 possent
291 1352 404 1420 animi
417 1347 585 1421 adullam
595 1349 983 1420 commemorationem
991 1345 1103 1439 magis

61 1463 181 1532 intenti
196 1480 292 1536 stare
306 1481 343 1536 et
354 1469 480 1550 erecti,
501 1467 647 1561 quaesita
663 1479 714 1534 est
727 1489 747 1534 e
761 1460 977 1534 militaribus
997 1460 1104 1556 potis·

5 1603 6 1670 3
62 1581 191 1651 simum
205 1578 310 1652 factis
325 1584 446 1677 primo
462 1585 614 1652 carmini
628 1583 804 1652 materies.

5 1745 6 1788 ÷
105 1696 175 1767 lsto
188 1695 342 1796 quidem
356 1701 630 1771 remotissimos
645 1696 751 1769 nobis
763 1693 972 1780 intervallo,
987 1690 1105 1762 homi·

5 1795 6 1834 ³
63 1833 119 1880 nes
133 1835 259 1882 rerum
275 1816 389 1910 magis
408 1811 647 1910 imaginihus,
666 1838 778 1910 quam
793 1813 976 1882 sententiis
993 1833 1034 1878 ex
1047 1811 1106 1876 'in-

5 1985 7 2012 p
63 1928 164 2020 genio
184 1929 307 1998 accitis
322 1925 522 2014 inhiantes,
544 1931 709 2000 strictum
723 1943 929 1998 sermonem
944 1939 978 1994 et
990 1927 1106 1993 inver-

5 2311 7 2438 l

5 2559 7 2596 l

5 2601 6 2620 t

62 2063 140 2109 sum
149 2039 1107 2139 rectosolutoquepraelerebant:indesacrorumritns

63 2152 200 2226 decreta
211 2153 355 2252 legum,
370 2155 596 2253 populorum
609 2160 774 2228 instituta
786 2173 820 2226 et
832 2153 1003 2252 praeclare
1014 2175 1108 2250 quae

64 2266 147 2340 libet
162 2267 275 2358 facta3
298 2271 458 2368 denique
472 2271 654 2369 quidquid
671 2271 854 2342 mentibus
867 2269 938 2341 alie
952 2284 986 2339 et
1006 2269 1109 2364 quasi

64 2382 233 2454 medullis
257 2383 449 2456 voluerant
469 2386 781 2483 imprimendum,
808 2384 902 2456 illud
923 2397 1109 2456 exaratum

65 2497 373 2570 commendabant
400 2500 572 2572 versibus.
604 2503 730 2599 ltaque
760 2503 923 2572 numeris
944 2507 1109 2583 sonoro,

66 2608 189 2706 liguris
206 2612 379 2709 jucundo
400 2639 573 2686 versuum
591 2615 845 2688 modulamine
865 2617 1025 2686 narratio
1047 2610 1111 2682 illa

5 2733 6 2814 J
66 2730 268 2796 accuratior
282 2725 414 2798 inllexa
428 2745 489 2798 est.

124 2837 449 2937 Deprehenderant
472 2867 622 2940 quoque
644 2845 755 2937 primi
777 2843 1110 2939 auctoresinsitam

5 2965 6 3002 ³
68 2953 1110 3052 vulgocredulitotem,cuinaturaliumrerum,inutram·

5 3087 6 3172 j
67 3093 226 3166 cumque
239 3087 376 3166 partem
389 3070 609 3158 acciderent,
622 3075 875 3169 aequeignaro,
889 3087 1018 3142 natura
1032 3095 1110 3140 non

67 3185 143 3254 sine
155 3187 321 3278 praesenti
334 3186 494 3256 Deorum
508 3184 644 3256 auxilio
655 3183 833 3272 benefica,
846 3211 923 3256 non
934 3186 1110 3255 sineDoo-

68 3321 152 3366 rum
170 3302 224 3367 ira
243 3296 411 3368 terribilis
425 3297 633 3370 videbatur..
648 3298 747 3370 Bella
766 3302 963 3396 praesertim
982 3321 1110 3394 super·-

67 3415 250 3482 stitionem
270 3409 414 3483 alebant
431 3400 657 3486 credentium
675 3433 828 3512 magnos
846 3413 956 3483 duces
973 3439 1016 3482 ex
1035 3413 1110 3483 Diis

67 3546 184 3613 ortos,
217 3543 251 3596 et
279 3549 412 3626 magna
439 3527 603 3600 facinora
627 3529 712 3601 duci
738 3533 885 3626 regique
911 3527 1109 3600 caelestibus

5 3705 6 3710 ,
69 3643 249 3736 auspiciis.
356 3669 364 3692 ν

116 3754 180 3824 His
198 3755 438 3852 opinionibus
453 3763 556 3852 quasi
574 3757 770 3828 fecundata
782 3774 973 3854 poetarum
990 3780 1108 3847 mens,

67 3871 258 3964 precipuis
271 3869 421 3965 quidem
432 3873 472 3940 in
482 3896 581 3942 nouo
590 3875 753 3942 carmine
762 3878 924 3970 personis
939 3873 1109 3946 divinum
1226 3927 1229 3934 «

64 4008 179 4074 genus
197 3989 378 4082 assignare
385 4015 394 4074 ;
417 3991 459 4058 iis
479 4013 564 4060 vero
585 4015 668 4086 quae
688 4015 765 4062 ase
785 3994 968 4086 praecipua
990 4015 1110 4062 narra·
