2644 4614
219 305 285 388 ⁴66
545 297 926 364 cunnensium

219 427 309 510 pellis
326 443 361 484 ea
380 441 437 504 pro
457 421 654 494 munimento
672 439 798 500 quoque
815 419 923 502 capitis
941 419 1011 479 loco
1029 417 1139 500 galeae.
1162 421 1279 500 ltaque

217 510 400 598 praeferebat
415 509 586 569 Aventinus
603 507 735 590 speciem
753 506 870 582 leonis,
891 527 927 567 ac
942 519 1107 588 propterea
1125 505 1277 567 bon-idus.

218 606 269 664 Ait
280 603 371 684 Regio
384 611 455 661 tecta
469 597 507 658 de
517 599 643 673 Turno,
658 597 768 673 credo,
782 617 847 658 non
861 595 899 656 de
911 597 1045 656 Latino:
1062 595 1202 672 subibat,
1216 608 1278 670 est,

217 689 468 774 ingrediebatur:
492 685 620 746 demum
641 683 740 760 illud,
765 681 967 765 Herculeoque
988 682 1127 744 humeros
1149 687 1279 744 innexus

217 784 343 854 amictu,
361 777 480 839 locutio
492 790 537 837 est
549 776 687 858 poetica,
705 775 792 858 quasi
804 775 905 834 dicat:
919 777 1034 834 innexa
1046 788 1115 834 erat
1129 773 1228 856 pellis
1239 772 1278 832 ad

218 870 364 932 humeros
381 868 527 928 Aventini
544 866 582 926 ad
597 886 669 926 eum
683 864 832 940 modum,
851 884 915 946 quo
932 864 1042 925 solitus
1060 877 1190 946 gestare
1201 866 1277 924 ller-

218 962 302 1023 cules
315 958 425 1020 fuerat.

256 1049 325 1132 670.
341 1045 470 1108 Catillus
484 1055 514 1104 et
527 1042 637 1117 Coras,
654 1041 802 1124 Tyburis,
823 1055 877 1102 aut
888 1041 1049 1122 Tyburni,
1068 1053 1127 1100 aut
1140 1038 1276 1122 Tybnrti

218 1137 343 1210 iratres,
356 1136 391 1193 in
400 1130 522 1192 ltaliam
533 1149 569 1190 ex
581 1130 700 1190 Gracia
710 1141 875 1204 venerant,
889 1141 920 1189 et
928 1125 1039 1212 Tybur
1047 1128 1277 1202 condiderant,

217 1229 261 1288 ita
270 1223 462 1308 appellatum
471 1221 510 1280 ab
519 1218 575 1280 illo
586 1217 704 1302 majore
712 1219 817 1294 fratre,
827 1217 913 1300 cujus
923 1219 1021 1278 modo
1029 1218 1151 1302 triplex
1160 1237 1276 1280 nomen

218 1313 364 1376 indicavi.
383 1311 465 1390 Ergo
482 1308 589 1378 relicto
604 1306 728 1387 Tybure
739 1305 779 1366 ad
791 1307 877 1367 urbis
890 1325 979 1367 uovae
990 1305 1197 1384 custodiam,
1216 1305 1274 1365 dno

220 1403 332 1486 reliqui
348 1398 387 1460 ad
398 1395 518 1458 bellum
532 1415 659 1471 venere,
674 1408 704 1455 et
716 1393 844 1478 quidem
856 1396 952 1478 primi
963 1396 1011 1456 sui
1023 1397 1188 1476 agminis3
1209 1413 1277 1455 nam

220 1506 291 1554 ante
307 1489 441 1572 primam
459 1485 573 1560 aciem,
596 1481 635 1542 ad
655 1484 869 1546 ostentandam
882 1483 1087 1544 alacritatem.

256 1573 326 1660 674.
339 1569 569 1654 Comparantur
580 1589 651 1629 cum
667 1570 846 1642 Centauris,
866 1589 944 1650 qnos
962 1581 1056 1628 vocat
1069 1570 1273 1653 Nubigenae,

111 1683 120 1702 ⁸
219 1667 292 1749 quia
302 1664 399 1747 geniti
410 1683 445 1722 ex
455 1661 563 1720 Ixione
576 1671 606 1720 et
617 1659 702 1719 nube
715 1661 749 1718 in
763 1659 894 1742 speciem
909 1660 1045 1719 iunonis
1060 1660 1274 1722 conformata.

218 1757 319 1836 Ergo,
338 1767 374 1812 nt
388 1751 536 1811 Centauri
549 1752 566 1808 a
582 1749 761 1824 montibus,
780 1749 822 1808 ita
837 1749 884 1808 illi
899 1749 937 1808 ab
952 1746 1042 1809 urbe.
1062 1751 1152 1811 Nota
1170 1772 1275 1835 reprae·

219 1845 332 1906 sentari
345 1841 453 1902 omnia
465 1838 504 1899 ad
516 1839 666 1919 tragicam
678 1839 943 1920 magnitudinem,
955 1839 1000 1899 ita
1011 1853 1049 1899 ut
1060 1840 1098 1900 in
1111 1839 1274 1903 horrorem

218 1937 389 1994 etiamnum
400 1949 449 1988 me
459 1927 617 1988 adducant
626 1940 690 1988 tam
700 1930 848 1990 Centauri
860 1929 933 2012 ipsi,
944 1949 1040 2010 quam
1051 1929 1162 1992 duces.
1175 1935 1274 2015 Neque

218 2043 293 2104 ergo
305 2020 398 2082 facile
414 2039 494 2100 queo
509 2017 681 2102 expendere
693 2032 740 2080 tot
751 2025 876 2101 iggerat.
897 2018 978 2081 Vide
995 2019 1180 2082 Excursum
1198 2036 1273 2084 octa-

181 2183 184 2192 ,
218 2133 311 2185 vum,
325 2107 388 2170 vol.
397 2109 461 2184 'lll,
476 2130 546 2190 pag.
561 2109 628 2191 387.

257 2197 438 2281 678.Pergit
446 2197 484 2256 ad
492 2196 851 2258 Caeculuml’raenestinae
859 2197 944 2257 urbis
953 2196 1272 2282 conditorem,quem
1309 2225 1310 2279 7

218 2301 328 2351 natum
340 2287 481 2348 Vulcano
496 2305 604 2347 omnes
617 2286 762 2363 credunt,
777 2285 862 2347 ducti
874 2299 1061 2368 argumento
1076 2289 1213 2351 infantis
1228 2312 1270 2350 re·
1308 2335 1309 2381 7

219 2380 299 2463 perti
309 2379 390 2437 inter
402 2375 498 2437 focos.
510 2377 558 2438 Sic
568 2377 780 2438 ordinandum
788 2389 849 2436 est:
866 2397 932 2437 non
944 2375 1045 2437 defuit
1053 2378 1200 2440 Caeculus
1209 2380 1271 2441 fun-

217 2470 310 2529 dator
320 2467 629 2545 urbisPraenestinae,
640 2489 734 2549 quem
740 2469 870 2548 Regem,
880 2467 912 2528 id
925 2481 983 2544 est,
996 2483 1187 2550 regnantem
1197 2473 1271 2531 inter
1307 2457 1308 2481 ¹

218 2557 348 2638 agrestia
360 2575 491 2636 pecora,
504 2557 609 2616 omnis
618 2569 689 2615 aetas
700 2557 882 2616 continuata
896 2554 935 2616 ad
948 2575 1051 2616 aevum
1061 2569 1168 2637 poetae
1179 2557 1269 2618 credi·
1306 2543 1307 2581 ¹

220 2645 269 2707 dit
280 2646 422 2728 genitum
434 2667 496 2706 esse
508 2645 668 2722 Vulcan03
683 2648 799 2728 qnippe
813 2648 977 2708 inventum
991 2647 1025 2706 in
1037 2645 1129 2707 locis.
1305 2643 1306 2681 l

258 2735 328 2796 681.
346 2735 417 2794 lam
435 2732 473 2792 de
490 2745 642 2816 apparatu
658 2731 842 2808 hominum,
861 2733 915 2815 qui
932 2731 1024 2794 illum
1043 2735 1268 2815 sequebantur:
1304 2753 1305 2783 i

221 2845 319 2908 quum
331 2823 384 2884 ille
397 2824 431 2883 in
443 2825 526 2906 agris
536 2834 693 2904 regnaret,
705 2845 763 2906 par
774 2836 838 2884 erat
849 2821 964 2884 habere
976 2823 1114 2884 militem
1126 2825 1168 2884 ab
1181 2827 1268 2907 agris3
1303 2851 1304 2883 i

221 3001 270 3055 per
295 2981 305 3031 i
329 2979 417 3032 multa
443 2979 576 3053 congessit
603 2977 725 3052 exempla
769 2994 808 3032 est
826 2979 900 3033 haud
920 2979 1001 3052 longe
1023 2979 1057 3031 ab
1081 2981 1167 3046 urbe,
1187 2981 1266 3034 dictus
1302 2939 1303 2983 l

221 3061 342 3118 Sanctius
354 3061 382 3112 in
391 3059 458 3110 Min.
472 3079 500 3130 p.
512 3057 557 3111 86.
768 3056 819 3110 sini
829 3059 874 3112 etv
887 3059 984 3127 sepitur,
994 3058 1023 3110 id
1034 3072 1088 3125 est,
1107 3059 1142 3111 ab
1155 3060 1266 3120 ilicibus,
1301 3049 1302 3083 ¹

256 3141 317 3214 678.
337 3143 392 3194 Nec
413 3139 578 3192 Prteaestinoe
593 3137 726 3209 fitndator
768 3139 1266 3210 quaeillicabundant:ibierantl’on·
1300 3139 1301 3183 l

222 3223 308 3296 defuit
323 3220 397 3274 urbis.
414 3218 454 3270 De
471 3217 622 3270 civitatibus
641 3219 723 3270 totius
768 3219 851 3272 iifices
863 3231 889 3271 et
900 3218 944 3270 Dii
953 3218 1104 3292 indigetes,
1115 3221 1187 3272 sicut
1196 3222 1265 3273 etiam
1299 3247 1300 3285 7

224 3303 296 3356 orbis
315 3299 393 3354 multi
412 3297 518 3370 quidem
540 3297 722 3370 scripserunt:
767 3299 1042 3350 Romaezerantetiam
1050 3297 1264 3371 duofratres,qni

225 3382 259 3433 ad
271 3381 477 3452 plenumtameu
485 3373 724 3430 PtolemaeuaGrae-
767 3377 828 3429 Divi
837 3376 1054 3448 appellabantur.
1068 3379 1175 3430 Horum
1186 3397 1262 3443 soror,
1298 3349 1299 3385 l

225 3479 265 3524 ce,
273 3459 365 3512 Latine
372 3457 530 3510 Plinius.1)e
538 3456 636 3508 ltalicia
643 3458 723 3510 etiam
768 3459 832 3511 dum
849 3455 884 3510 ad
897 3458 991 3510 focum
1008 3456 1130 3526 sederet,
1149 3459 1262 3513 desiliens
1297 3435 1298 3485 l

225 3539 335 3603 urbibus
347 3539 466 3610 Hyginus
476 3537 628 3609 plenissime
641 3539 723 3608 scrip·
768 3539 896 3606 scintilla,
918 3541 975 3608 ejus
996 3551 1103 3591 uterum
1124 3543 1263 3612 percussit:

225 3619 274 3682 sit,
292 3631 319 3669 et
334 3617 401 3670 Cato
416 3621 444 3671 in
460 3617 624 3690 Originibus.
644 3616 724 3688 Apud
767 3619 830 3672 inde
858 3616 957 3669 dicitur
984 3619 1158 3690 concepisse..
1181 3622 1263 3672 Postea

227 3714 319 3748 omnes
332 3710 436 3764 tamen,
448 3699 471 3748 si
480 3697 622 3770 diligenter
634 3696 727 3750 adrer-
768 3701 846 3752 enixa
856 3716 986 3769 puerum,
993 3701 1071 3768 Juxta
1083 3699 1213 3771 templum
1222 3701 1262 3750 Jo-

228 3786 282 3840 tas,
294 3774 328 3825 de
341 3775 494 3830 auctoribus
506 3775 675 3829 conditarum
685 3795 727 3828 ur·
769 3781 809 3832 vis
826 3779 939 3848 abjecit:
958 3797 1040 3850 quem
1056 3781 1176 3851 virgines
1191 3799 1262 3852 aqua·

196 3857 202 3870 “
227 3854 302 3905 bium
312 3852 441 3906 dissensio
457 3859 604 3924 invenitur,
616 3858 684 3911 adeo
696 3870 727 3910 ut
770 3871 930 3912 tumeantes
941 3859 1021 3928 juxta
1033 3859 1126 3930 ignem
1137 3861 1263 3912 inventurn

228 3931 726 4010 neurbisquidemliomaorigopossit
770 3936 1263 4012 susttderunt,quibaudlongeafonte

229 4011 369 4083 diligenter
381 4015 496 4082 agnosci.
514 4015 640 4069 Praeneste
650 4017 725 4071 locus
770 4015 1263 4072 aratrundevutoanidicrusesttltus.
