2644 4614
200 267 263 346 156
529 260 911 328 continuaturi

240 389 307 448 511.
322 385 405 464 Quid
420 395 487 446 tum
501 385 614 445 Furia?
625 398 717 445 nacta
728 383 794 466 jam
807 385 881 446 belli
897 387 1098 448 occasionem
1113 387 1248 450 ascendit
1302 401 1303 452 l

198 476 324 538 culmen
339 473 499 557 quoddam
515 487 695 557 pastorum3
715 488 745 536 et
763 476 835 542 inde
854 478 974 538 intenta
993 499 1072 540 voce
1087 479 1249 540 classicum

198 565 309 625 cecinit
320 560 470 644 pastorali
482 563 629 638 buccina,
642 583 736 644 quam
747 562 922 624 describens
935 566 978 624 ait
987 565 1084 626 luisse
1095 588 1199 626 cornu
1210 587 1251 626 re·

194 672 341 716 ‚curvum
356 649 471 710 Audito
486 653 591 712 sonitu
605 672 715 711 nemus
730 665 831 713 totum
847 655 1057 728 contremuit3
1074 657 1167 736 isque
1182 671 1252 714 stre·

200 742 286 821 pirus
301 742 450 801 excitatns
464 753 527 815 est,
548 753 583 799 ut
600 742 634 800 in
650 738 783 800 vallibus
801 741 885 803 silvae
905 745 1024 824 quippe
1043 744 1217 826 profundis
1232 747 1252 802 is

197 828 305 910 fragor
314 829 466 905 ederetur,
475 843 511 889 ut
520 831 696 889 tonitruum
707 849 774 889 esse
783 828 930 890 crederes.
941 832 1066 892 Retinui
1081 836 1250 892 Tartaream

201 938 299 978 uocem
311 942 319 976 :
332 919 442 999 estqui
455 916 600 1000 praeferat
615 919 815 992 Tarturinam,
829 917 869 978 ad
882 919 1094 980 imitationem
1108 921 1218 978 Ennii.

242 1005 310 1066 516.
325 1007 399 1066 Erat
410 1027 521 1066 nemus
536 1027 601 1066 non
616 1005 710 1087 longe
722 1007 761 1064 ab
775 1008 892 1082 Aricia,
906 1007 961 1068 ubi
974 1021 1040 1066 erat
1052 1007 1142 1068 lacus
1155 1007 1252 1067 dictus

203 1094 313 1156 Dianae
328 1095 509 1176 speculum;
532 1115 569 1154 eo
583 1116 642 1154 vox
656 1097 757 1154 Furiae
773 1098 963 1178 penetravit,
976 1111 1013 1157 ut
1028 1099 1126 1156 etiam
1145 1097 1185 1156 ad
1201 1097 1254 1155 ilu-

184 1207 187 1213 ’
203 1186 307 1258 vium,
318 1184 368 1244 cui
381 1186 444 1244 Nar
455 1203 588 1256 nomen,
600 1194 630 1240 et
642 1201 731 1262 aquae
744 1181 938 1263 sulphureae,
950 1205 986 1245 ac
1000 1185 1140 1266 proinde
1154 1185 1256 1246 alben·

202 1286 264 1334 tes:
287 1272 446 1334 adfantes
464 1273 560 1332 etiam
575 1269 681 1330 Veliae.
700 1271 815 1332 Matres
831 1292 904 1332 vero
921 1293 958 1332 eo
975 1276 1091 1334 timore
1109 1288 1257 1356 correpta

204 1376 293 1438 sunt,
310 1373 345 1422 ut
361 1361 400 1422 de
414 1360 554 1422 filiorum
569 1358 667 1420 salute
681 1358 839 1436 sollicitae,
858 1364 975 1425 arctius
987 1361 1061 1424 illos
1073 1362 1256 1446 pectoribus

204 1451 420 1528 admoverent,
434 1452 521 1534 quasi
529 1447 595 1530 jaro
608 1468 705 1530 prope
717 1461 855 1530 raptores
870 1465 1049 1526 cernerent,
1062 1453 1122 1531 qui
1135 1451 1211 1512 illos
1225 1471 1256 1509 er

203 1561 312 1600 earum
323 1537 540 1622 complexibus
555 1535 733 1598 avellerent.
753 1536 833 1598 Vide
848 1557 942 1620 quam
959 1538 1064 1598 viride
1076 1541 1206 1600 timoris
1217 1540 1256 1596 vis

206 1629 382 1712 significata
395 1644 450 1690 est.

247 1718 314 1797 519.
328 1719 410 1778 Dato
425 1719 513 1798 signo
526 1738 543 1776 a
555 1717 650 1776 Furia
662 1719 767 1778 statim
776 1728 874 1778 ruunt
885 1715 1030 1799 agricolae
1040 1716 1159 1777 furiosi
1170 1729 1255 1796 atque

206 1806 307 1864 insani
317 1827 326 1878 3
338 1825 411 1863 nam
426 1803 460 1864 bi
473 1818 546 1864 sunt
561 1803 714 1866 indomiti:
727 1817 758 1864 et
771 1807 845 1888 quia
856 1805 965 1881 multi,
977 1804 1254 1866 ideo'concurruut:

206 1908 236 1955 et
246 1896 321 1976 quia
330 1893 448 1953 bellum
459 1891 613 1968 subitum,
625 1891 695 1952 ideo
706 1897 794 1976 ruptis
805 1891 875 1956 telis.
884 1891 1013 1975 Trojani
1023 1914 1101 1953 vero
1112 1893 1255 1954 auxilium

206 1982 346 2066 praebent
359 1982 504 2057 Ascanio,
518 1993 659 2041 nontam
668 1995 705 2042 ut
716 1996 867 2057 noceant,
880 2003 974 2063 quam
985 1997 1021 2042 ut
1029 1981 1157 2042 bellum
1169 1978 1256 2061 repel-

207 2071 291 2132 lant:
307 2085 395 2132 cavet
410 2071 493 2131 enim
508 2084 601 2152 poeta
619 2091 659 2130 ne
676 2073 710 2130 in
725 2074 841 2132 crimen
854 2070 1067 2154 improbitatis
1082 2073 1254 2130 incurrant.
1302 2083 1303 2106 ³

208 2164 290 2240 Quia
302 2184 376 2224 vero
387 2161 470 2222 salus
481 2161 570 2243 Regii
581 2162 732 2243 Principis
743 2164 868 2244 agebat,
878 2161 950 2222 ideo
961 2161 1092 2246 effimdit
1099 2159 1256 2230 auxilium,

209 2269 241 2314 et
252 2256 355 2336 apertis
366 2255 474 2314 cmtrr's.
486 2252 533 2311 lta
545 2251 642 2312 ferme
654 2253 796 2312 Donatus
808 2252 965 2334 expendit.
978 2254 1081 2312 Vocat
1093 2251 1256 2312 buccinam

209 2341 319 2414 dirum,
335 2355 370 2400 ut
382 2339 499 2400 indicet
512 2340 642 2400 adverso
658 2352 833 2420 pugnaturn
848 2343 965 2400 omine.

250 2431 318 2491 523.
329 2432 423 2490 Orsus
431 2427 509 2490 belli
519 2431 641 2511 primus
651 2429 754 2488 fuerat
765 2428 804 2488 ab
812 2429 981 2510 stipitibus,
992 2428 1031 2488 ab
1038 2439 1128 2488 torre
1136 2427 1255 2488 obusto:

210 2531 370 2578 cessarunt
387 2515 454 2578 haec
474 2538 577 2593 arma,
594 2529 810 2598 certatumque
827 2529 872 2576 est
890 2516 989 2592 ferro,
1009 2516 1255 2598 atqueensibus.

210 2606 290 2667 Vide
301 2627 374 2666 vero
384 2619 568 2687 apparatum
578 2627 739 2666 armorum
750 2627 786 2665 ex
797 2605 879 2666 ferro
890 2608 1030 2688 ancipiti,
1041 2606 1074 2664 id
1084 2619 1146 2681 est,
1157 2608 1257 2666 utrim-

210 2716 271 2776 que
281 2694 393 2769 noxio,
404 2694 513 2775 quales
523 2715 589 2754 esse
599 2693 695 2775 gladii
706 2695 824 2770 solent,
838 2709 869 2754 et
877 2693 1068 2754 ferramenta
1080 2693 1256 2754 bastamm:

210 2806 247 2845 ex
264 2783 377 2846 strictis
396 2782 538 2860 ensibus,
561 2786 631 2865 qui,
650 2785 726 2865 quia
745 2785 917 2858 innumeri,
939 2783 1116 2844 reddebant
1128 2775 1257 2865 speciem

209 2873 392 2934 fluctuantis
412 2870 633 2954 horrentisque
654 2873 765 2951 segetis
786 2895 793 2930 :
818 2893 854 2932 ex
877 2871 1062 2953 splendente
1081 2871 1257 2952 gladiorum

210 2983 283 3038 aare,
294 2959 379 3042 quod
390 2980 427 3020 ex
435 2980 586 3042 percussu
596 2959 675 3020 Solis
683 2957 824 3038 jactabat
833 2960 934 3020 lucem
946 2961 980 3018 in
991 2980 1121 3020 omnem
1134 2973 1256 3041 partem.

210 3056 342 3114 Notetur
356 3047 566 3131 pulcherrima
583 3050 760 3130 oppositio,
779 3071 853 3110 nam
870 3063 936 3110 atra
950 3069 1037 3130 seges
1055 3071 1160 3131 quum
1177 3064 1256 3118 esset,

210 3155 315 3199 tamen
334 3159 394 3198 aera
410 3135 596 3216 fulgebant:
618 3139 723 3218 itaque
742 3140 880 3198 atriciem
896 3138 997 3201 refero
1017 3137 1058 3196 ad
1078 3136 1257 3210 horrorem

212 3230 257 3288 ait
268 3229 368 3300 enim,
380 3246 457 3307 sepes
467 3239 531 3285 atro
544 3224 689 3286 horrescit.

251 3316 319 3377 528.
332 3315 476 3396 Sequitur
487 3329 559 3397 apta
573 3316 785 3392 comparatio:
798 3317 894 3378 crevit
905 3317 980 3376 belli
993 3316 1086 3377 furor
1098 3317 1141 3376 ab
1152 3317 1258 3398 stipiti-

212 3495 449 3568 comparatur-:vel
458 3496 573 3547 invenire
580 3499 645 3548 artis
654 3515 711 3549 esse
758 3501 835 3570 quasi
853 3518 869 3552 a
887 3498 990 3566 culmo,
1006 3497 1083 3569 quod
1103 3498 1202 3551 culmis
1217 3516 1257 3569 pa·

214 3588 240 3628 et
251 3577 400 3640 iudustriae3
414 3577 522 3649 reperire
534 3595 611 3629 casus
621 3589 648 3630 et
657 3578 713 3628 for·
757 3577 859 3630 letarum
872 3591 1003 3630 contecta.

211 3653 719 3730 tunae:quodnostripoetaacongrueret
794 3656 853 3726 514,
877 3659 1005 3712 Proeustis.
1031 3658 1209 3714 Proe„breris
1234 3657 1256 3707 fit

214 3734 368 3793 sententiae;
385 3735 432 3786 sed
446 3735 523 3786 multi
534 3737 713 3788 confundunt.
758 3750 1034 3809 proptersequentem
1042 3738 1184 3790 vocalem:
1194 3735 1255 3808 quod

250 3810 711 3887 51a.Deculminesummo.Proprie,
759 3819 786 3867 in
798 3819 1079 3890 unaparteorationis
1088 3816 1256 3870 factumtole·

214 3893 277 3961 quis
290 3889 322 3940 de
332 3891 408 3940 tectis
419 3895 562 3962 agrestium
575 3895 711 3966 loquitur:
757 3895 842 3948 rabile
866 3905 918 3961 est,
943 3897 1007 3968 quia
1030 3899 1203 3968 compositus
1224 3907 1255 3948 est

213 3969 329 4020 culmina
342 3970 410 4018 enim
425 3973 538 4040 agrestia
551 3987 625 4040 sunt,
639 3973 712 4026 dicta
758 3993 853 4028 sermo.
864 3972 937 4030 'Serta
