2692 4594
237 337 296 402 182
560 327 943 396 COMMENTARIA

272 459 339 521 236.
362 459 475 528 Parent
494 459 585 533 socii,
608 471 637 518 et
656 460 783 538 capiunt
800 477 896 516 arma.
918 459 996 518 Sunt
1014 457 1049 516 in
1068 455 1117 518 his
1135 453 1279 519 versibus

231 551 372 630 figuratae
386 550 575 609 locutiones:
592 569 666 609 nam
677 547 836 630 disponunt
847 567 925 608 enses
940 561 1038 621 tectos,
1053 561 1097 608 est
1109 546 1279 630 disponen·
1331 539 1332 606 l

233 637 275 698 do
297 653 429 720 tegunt:
453 653 481 700 et
499 635 630 700 condunt
647 651 727 700 seura
750 635 883 714 latentia,
910 652 954 698 est
971 637 1138 700 condendo
1160 639 1279 701 faciunt

230 721 336 788 litere.

274 814 342 876 238.
360 818 466 898 Fingit
479 827 569 898 poeta
587 815 683 876 veluti
697 812 810 874 hostile
823 812 981 895 praelium,
998 815 1031 873 in
1049 835 1114 898 quo
1130 815 1279 894 utrinque

233 903 318 966 tubis
337 910 473 982 canitur,
494 920 523 967 et
541 919 691 990 parantur
707 905 815 965 animi.
834 905 943 986 Itaque
960 905 1096 988 Harpyis
1116 901 1280 984 clangores

233 993 280 1052 sui
293 1016 350 1074 pro
363 996 438 1055 tuba
450 1008 536 1070 sunt,
550 995 665 1077 quibus
678 989 788 1054 dedere
798 996 936 1055 sonitum
949 986 988 1053 ad
1001 991 1136 1067 bellum;
1149 993 1213 1054 illis
1224 991 1283 1052 Mi·

234 1097 325 1142 senus
341 1084 500 1167 respondit
516 1105 589 1159 aere,
604 1081 637 1142 id
654 1096 712 1157 est,
726 1082 804 1144 tuba
817 1100 910 1159 terea,
925 1081 964 1144 ab
980 1080 1042 1141 alta
1058 1082 1201 1164 specula·
1215 1083 1283 1140 Hoc

232 1168 316 1232 facto
329 1173 540 1247 concurritur-3
555 1193 629 1232 narn
644 1173 717 1232 socii
732 1171 901 1247 invadunt,
915 1183 1038 1254 tentant
1051 1169 1162 1252 praelia
1180 1190 1281 1231 nova:

234 1259 309 1338 quid
323 1262 407 1320 enim
419 1263 517 1340 magis
529 1281 661 1334 novum,
676 1279 770 1341 quam
782 1281 853 1320 eum
865 1259 1047 1330 volueribus¹
1055 1253 1298 1343 pugnareifoe·

234 1347 303 1410 dare
315 1355 394 1436 ferro
400 1396 409 1425 ,
428 1366 473 1412 est
487 1352 604 1411 violare
621 1350 723 1410 ferro:
738 1349 877 1412 volucres
893 1345 1032 1412 omeaenae
1045 1349 1197 1412 dicuntur
1214 1367 1283 1409 cum

234 1453 373 1521 respectu
388 1441 426 1500 ad
441 1440 617 1522 proluviem
633 1440 757 1499 ventris.

276 1525 343 1602 242.
364 1526 421 1590 Sed
440 1549 509 1588 ecce
527 1541 625 1588 etam
645 1527 713 1588 dira
730 1541 836 1608 pugna
855 1523 945 1587 nulla
962 1525 1070 1608 plaga3
1090 1543 1167 1585 narn
1185 1543 1287 1607 neque

234 1614 365 1694 plumae,
378 1628 483 1700 neque
491 1633 594 1699 tergus
607 1617 800 1702 accipiebant
811 1617 942 1677 vulnus:
959 1613 1020 1676 illa
1034 1615 1120 1676 enlin
1133 1635 1199 1698 prae
1211 1615 1287 1674 mol·

234 1695 370 1766 litudine
384 1705 503 1788 gladios
515 1705 682 1766 fallebant:
698 1703 781 1765 istud
792 1723 856 1787 prae
866 1704 983 1766 duritia
997 1705 1096 1765 aciem
1110 1701 1285 1786 respuebat.

233 1789 372 1874 Fugiunt
387 1795 499 1852 iterum
514 1791 621 1854 volatu
639 1793 805 1870 altissimo,
823 1793 894 1855 ideo
910 1791 962 1854 sub
979 1794 1087 1868 sideru,
1105 1795 1286 1878 relinquen-

234 1893 280 1940 tes
299 1883 422 1957 eadem,
443 1903 512 1968 quae
531 1885 633 1963 prius,
653 1881 772 1944 foetoris
792 1886 899 1963 signa:
918 1905 1059 1945 semesum
1077 1896 1137 1958 est,
1157 1887 1286 1948 semico-

234 1981 382 2047 mestum,
393 1973 542 2053 ipissporos.
556 1970 615 2030 Hic
626 1983 660 2031 tu
671 1970 808 2054 expende
817 1969 997 2054 Virgilianae
1009 1969 1288 2048 orationissobrie-

234 2069 344 2118 tatem:
356 2058 492 2141 vulgaris
502 2055 795 2140 poetahicinaniter
804 2059 969 2134 lasciviret,
981 2059 1069 2140 quasi
1080 2061 1113 2118 in
1125 2060 1236 2141 pralio
1246 2061 1288 2119 ita

234 2165 334 2223 novo,
354 2161 390 2206 ut
407 2146 530 2206 nullum
548 2147 663 2220 simile;
681 2145 856 2228 faceretque
875 2167 1024 2227 magnam
1042 2167 1168 2206 moram
1181 2148 1215 2206 in
1231 2147 1288 2206 isto

233 2233 447 2322 Harpyiarurn
468 2251 497 2297 et
515 2235 683 2297 hominnm
698 2235 862 2312 conflictu,
885 2249 1011 2319 stupore
1031 2237 1101 2318 ipso
1121 2237 1287 2296 materiam

232 2325 402 2404 praebente.

276 2411 343 2486 245.
358 2411 476 2470 Omnia
490 2411 529 2468 ad
542 2407 702 2471 horrorem
718 2415 871 2494 sequentis
884 2412 1040 2472 vaticinii:
1054 2432 1162 2494 rupes,
1174 2409 1231 2472 ubi
1244 2429 1285 2470 se·

233 2497 301 2572 det,
315 2496 477 2579 praecelsa:
492 2509 521 2556 et
533 2513 640 2597 aspera
651 2500 735 2559 voris
747 2501 869 2582 ruptio:
883 2521 945 2582 quo
959 2498 1134 2580 Harpyiam
1145 2513 1287 2559 nontam

232 2577 414 2665 loquentem
428 2599 523 2664 quarn
535 2583 757 2645 vociferantem
767 2587 937 2668 inteiligas:
951 2593 1068 2646 nomen
1079 2587 1185 2668 ipsum
1197 2584 1288 2645 Celae·

133 2729 139 2734 .
233 2693 311 2732 nus:
326 2683 371 2730 est
382 2672 467 2731 enirn
476 2673 603 2746 κελαινὸς,
616 2685 686 2745 ater,
703 2685 738 2731 ut
751 2670 829 2732 mihi
844 2675 987 2735 videatur
998 2671 1059 2732 dici
1075 2671 1182 2756 infelix
1195 2687 1286 2745 vater,

233 2767 329 2844 μάντης
342 2769 437 2837 κακῶν,
453 2762 527 2841 qnia
540 2759 675 2820 Celaeno.
1172 2783 1176 2792 ·

273 2848 341 2930 247.
357 2847 529 2908 Exordium
542 2846 726 2930 abruptum,
742 2861 778 2909 ut
792 2850 825 2907 in
838 2850 1050 2929 querimonia,
1065 2861 1100 2908 ut
1113 2849 1212 2925 illud,
1223 2864 1286 2910 tan·

235 2951 300 3006 tane
307 2941 490 3022 vesperinis,
504 2950 559 2997 etc.
571 2938 679 2998 Oratio
688 2958 811 3020 semper
820 2939 951 2998 erescita
962 2939 1061 2999 tribus
1072 2938 1285 3022 temporibus:

233 3027 390 3091 occidistis
405 3037 512 3108 nostra
529 3044 656 3106 pecora,
674 3026 759 3106 quod
776 3027 921 3107 iniquum
933 3047 940 3084 t
954 3025 1046 3086 nobis
1062 3047 1149 3086 nunc
1163 3025 1285 3088 bellum

233 3116 369 3188 infertis,
384 3111 469 3193 qnod
482 3112 636 3190 iniquius:
649 3115 791 3193 cogitatis
802 3113 841 3174 de
852 3114 944 3176 nobis
957 3129 988 3176 et
998 3135 1094 3198 regno
1106 3117 1211 3196 patrio
1221 3113 1286 3198 pel·

231 3203 334 3268 lendis
353 3201 578 3280 inposterum,
598 3198 683 3279 quod
702 3201 945 3282 iniquissimum.
965 3201 1008 3261 Hi
1027 3205 1110 3262 enim
1123 3206 1214 3280 estis,
1230 3206 1284 3284 qui

233 3293 329 3355 scelus
344 3287 454 3350 scelere
469 3282 620 3346 obruatis.
634 3290 707 3349 Haec
721 3305 765 3350 est
777 3293 861 3352 enim
873 3312 960 3352 mens
974 3285 1206 3373 Harpyiarum‚
1217 3315 1283 3356 nou

233 3383 321 3442 aliter
333 3399 368 3436 ae
379 3375 486 3436 Livius
501 3371 577 3432 dixit
590 3373 629 3433 de
642 3375 803 3438 Masinissa
815 3377 887 3440 libr.
901 3379 955 3454 30,
970 3378 1063 3442 illum
1075 3382 1283 3442 temeritatem

231 3472 402 3528 temeritate
416 3462 476 3522 alia
486 3461 595 3538 luisse,
608 3465 693 3545 quod
705 3467 850 3528 videlicet
860 3471 985 3550 nuptias
998 3467 1208 3552 Sophonisba
1221 3493 1283 3530 ma·

231 3555 261 3613 le
272 3553 442 3629 auspicatae
452 3549 590 3610 obruerit
599 3571 673 3613 nece
682 3552 829 3634 ejusdem.
840 3559 947 3634 Quum
957 3557 1001 3616 ait
1008 3556 1281 3630 Laomedontiaden,

231 3641 310 3700 mire
322 3634 473 3715 Trojanos
491 3636 667 3721 deturpata
684 3661 811 3721 genere,
833 3656 867 3702 ut
885 3645 939 3724 qui
955 3644 993 3702 ab
1009 3641 1132 3724 perfido
1148 3635 1281 3704 anme·

233 3727 329 3786 doute
339 3741 435 3803 genus
447 3723 577 3785 ducant:
592 3728 678 3808 quasi
688 3727 784 3804 dicat,
797 3731 866 3812 pari
876 3751 931 3790 vos
940 3729 1072 3814 perfidia
1082 3731 1117 3788 iu
1127 3751 1189 3792 nos
1199 3733 1281 3794 estis.

233 3901 281 3934 nos
294 3879 380 3947 mala,
391 3881 447 3934 dim
459 3883 603 3956 appellant.
614 3887 729 3938 Excusat
774 3889 875 3941 faciens
888 3907 937 3960 pro
951 3907 1032 3942 eausa
1043 3907 1109 3956 sua,
1123 3890 1280 3963 plenissime

230 3965 333 4018 rrimen
350 3961 497 4031 violentia,
512 3985 592 4036 qnam
608 3955 730 4035 celiano,
776 3971 922 4040 exequitur.
935 3971 1036 4042 Donat
1120 4027 1125 4032 ,
