2670 4596
326 337 377 399 IN
400 336 634 402 AENEIDOS
657 341 750 406 LIB.
775 345 801 406 Ι.
1041 373 1080 437 27

9 451 10 480 ³
50 463 195 521 crntmissa
203 460 238 520 in
247 456 401 538 Trojanos
411 479 498 539 poena
505 481 569 519 non
576 458 678 535 simili,
690 462 721 521 id
730 476 791 541 est,
804 483 869 524 non
879 485 929 542 en,
939 469 1083 549 qua'l'ro-

49 551 128 629 janos
143 548 311 623 affecistis,
325 547 381 608 sed
394 545 512 629 majore
526 560 556 610 et
567 551 711 626 saeviore,
728 555 772 612 ait
786 555 923 615 Servius:
945 555 1009 632 vel,
1024 579 1086 618 non

51 637 139 697 itidem
150 635 369 717 castiqabimini
383 635 487 710 verbis,
501 638 544 696 ait
552 637 592 698 H.
608 637 794 720 Stephanum
808 641 868 702 hoc
879 643 1021 726 praefero.
1036 645 1086 704 Se·

51 727 162 806 quitur,
185 726 334 794 Maturate
348 723 474 806 sispam5
495 725 527 784 id
551 739 610 804 est,
628 743 833 810 properanter
853 745 884 792 et
904 732 1086 792 festinanter

53 812 201 880 discedite.

85 903 147 962 138.
159 902 216 970 Est
229 899 296 960 haec
311 901 409 962 altera
421 923 494 983 pars
505 904 657 963 orationis
671 906 822 986 Neptuni,
833 911 998 968 continens
1010 925 1086 989 que·

51 989 119 1050 relat
133 992 167 1050 in
182 988 322 1064 AEolum,
340 990 397 1070 qui
409 1010 503 1054 tusus
517 988 620 1053 fuerat
634 989 780 1053 infestare
793 994 886 1055 alieni
899 999 987 1076 regni
999 994 1086 1054 fines.

51 1078 211 1156 Comparat
228 1097 303 1142 vero
323 1078 492 1158 imperium
511 1099 604 1138 sumn
623 1099 697 1138 oum
717 1094 871 1162 potestate
891 1083 985 1156 AEoli;
1006 1079 1087 1140 illud

50 1165 178 1241 extollit,
192 1165 274 1228 hauc
285 1166 455 1247 deprimit:
476 1167 613 1242 extollit,
631 1190 729 1250 quum
740 1171 797 1243 ait,
815 1170 916 1238 dutum
927 1172 986 1230 sibi
1001 1173 1087 1251 impe

50 1257 120 1314 rium
131 1257 242 1336 pelcqi,
257 1254 410 1319 sidentem
424 1277 531 1318 aetrno
538 1304 548 1332 ‚
566 1257 662 1338 idque
675 1273 768 1320 sorte.-
787 1258 937 1340 deprimit
950 1258 1087 1333 AEolum,

51 1342 122 1402 dans
133 1343 180 1404 illi
192 1365 314 1425 reymest
319 1389 329 1417 ,
342 1365 408 1407 nou
420 1345 603 1426 imperium,
615 1359 651 1404 ut
663 1346 737 1421 sibi3
750 1362 782 1406 et
793 1367 924 1428 regnum
935 1345 995 1406 hoc
1007 1345 1087 1406 inter

48 1451 114 1490 sura
128 1434 286 1506 immanis,
307 1433 415 1512 potius
432 1433 467 1494 im
482 1453 613 1494 camere:
627 1455 694 1515 quo
707 1433 785 1515 quid
797 1432 967 1514 abjectius?
985 1432 1087 1492 lucul-

49 1540 112 1578 cans
124 1535 358 1602 contemptum,
372 1536 420 1582 ter
428 1522 540 1602 repetit
549 1521 738 1602 perticulam
748 1525 915 1598 irrisionis,
926 1521 1087 1598 videlicet,

49 1627 104 1666 non
119 1608 163 1668 itti
175 1612 344 1692 imperium
356 1609 473 1691 pelagi3
489 1623 574 1670 tenet
587 1609 636 1670 itte
648 1613 798 1672 immania
809 1634 894 1686 serat
904 1611 1002 1694 jactet
1012 1631 1042 1672 se
1052 1613 1086 1670 in

49 1693 94 1755 itta
113 1697 203 1766 aula:
228 1697 341 1778 quibus
363 1698 510 1762 omnibus
530 1699 665 1779 opponit
686 1699 780 1760 semel
801 1697 977 1782 pronomen
998 1699 1085 1771 mitt·

49 1787 125 1864 quod
139 1785 237 1856 hebet
247 1785 301 1851 hic
313 1785 507 1868 peculiarem
521 1785 693 1867 emphasin.

83 1872 146 1948 tlte.
165 1877 347 1942 Brevissime
364 1877 546 1956 Neptunus,
560 1874 668 1936 habita
689 1879 841 1958 temporis
863 1881 998 1955 ratione,
1013 1897 1083 1936 ore·

46 1963 157 2024 tionem·
168 1962 320 2038 absolvit5
332 1985 407 2026 uam
417 1963 521 2034 decem
530 1977 656 2024 tentum
666 1966 804 2024 versibus
816 1987 851 2025 ea
864 1965 1003 2039 inclusit,
1015 1983 1084 2046 quae

46 2072 131 2112 nemo
156 2053 237 2121 alius
258 2052 379 2116 multis.
399 2053 575 2135 Increpavit
596 2057 680 2114 euim
701 2069 831 2114 ventose
857 2055 930 2114 inde
953 2053 1085 2135 expulit5

46 2162 166 2222 poenem
179 2143 319 2217 distulit3
337 2144 426 2202 misit
438 2143 586 2202 mandata
597 2143 636 2200 nd
651 2143 772 2202 AEolum
789 2167 796 2201 ε
816 2143 999 2204 haecomnia
1014 2161 1086 2200 cum

43 2232 161 2310 magnis
182 2230 364 2303 affectibus,
385 2251 458 2288 cum
479 2231 579 2309 gloria
600 2231 663 2304 sni,
686 2249 759 2288 cum
781 2244 966 2314 ¹contemptu
989 2227 1082 2302 AEoli,

43 2338 109 2378 cum
122 2331 289 2382 ventorum
299 2319 520 2378 convicimllis
535 2318 683 2398 peractis,
698 2317 802 2397 placat
817 2319 967 2378 citissime
979 2329 1083 2377 tumo-

43 2426 105 2468 rem
115 2408 229 2480 maris3
239 2405 332 2486 fugnt
341 2403 456 2478 nubem
470 2404 568 2465 solem
582 2404 719 2479 reducit3
732 2405 837 2468 AEolus
848 2410 965 2492 quippe
978 2425 1084 2488 aequor

43 2495 230 2569 turbaveratt
240 2495 343 2558 nubes
355 2495 535 2575 induxeram
550 2495 634 2555 diem
645 2495 823 2564 abstulerat.

82 2584 145 2661 rblp
157 2585 330 2648 Hmrehent
340 2587 374 2645 in
386 2585 521 2667 scopulis
533 2599 596 2646 tres
609 2585 670 2647 illae
683 2607 791 2662 naves,
802 2605 881 2670 quas
894 2589 926 2645 in
939 2607 1010 2646 saxa
1019 2598 1084 2646 tor·

43 2689 120 2736 serat
133 2690 286 2756 tyrannus
300 2673 417 2732 Notus:
438 2672 598 2732 haerebant
615 2675 647 2732 in
666 2675 803 2755 syrtibus
822 2687 883 2732 tres
899 2673 984 2748 aliae,
1005 2691 1082 2752 quas

42 2763 138 2823 Eurus
153 2765 292 2841 cinxerat
305 2783 469 2828 arenarum
479 2761 621 2823 aemulis.
638 2763 711 2822 Noti
729 2761 849 2821 cladem
867 2759 1041 2842 Cymothoe
1052 2771 1084 2817 et

42 2852 164 2928 Triton,
179 2851 229 2912 his
247 2853 332 2912 euim
346 2871 411 2911 rem
426 2854 583 2912 commisit
596 2853 758 2932 Neptunus
770 2893 779 2924 ,
791 2862 918 2909 sanant:
936 2852 1009 2931 ipse,
1021 2846 1084 2907 hoc

44 2939 232 3020 emphatice,
245 2959 303 2998 suo
315 2938 448 2998 tridente
462 2938 637 3000 levatvastas
648 2952 748 3020 syrtes,
761 2959 864 3020 easque
874 2939 979 3019 aperit‚·
991 2950 1083 3018 atque

43 3029 83 3086 ita
98 3027 215 3103 reddit,
234 3029 432 3108 restituitque
446 3047 554 3109 sequor
566 3025 605 3110 ad
616 3029 811 3109 temperiem.
826 3025 883 3088 Sed
898 3025 975 3109 quid
991 3023 1083 3092 levat?

41 3115 142 3198 Aliqui
157 3115 326 3200 explicant,
347 3116 430 3176 levat
443 3137 550 3192 naves,
570 3129 600 3177 et
614 3131 709 3198 syrtes
723 3119 824 3202 aperit
837 3137 922 3200 :non
938 3114 1062 3198 placent
1075 3136 1086 3194 ².

40 3209 142 3285 potius
155 3205 244 3280 levat,
258 3204 292 3264 i'd
305 3217 365 3282 est,
378 3205 462 3270 laxat
474 3220 587 3292 syrtes,
602 3205 686 3288 quod
700 3205 795 3282 velet3
810 3205 914 3268 reddit
927 3216 1024 3286 syrtes
1036 3199 1082 3260 le-

42 3315 94 3354 ves
106 3317 140 3356 ac
151 3293 363 3377 navigabiles,
379 3307 471 3380 atque
483 3297 526 3358 sic
538 3293 609 3374 illas
623 3299 741 3380 aperit:
755 3318 817 3382 quo
829 3290 927 3368 facto,
941 3293 1006 3372 ipse
1016 3289 1082 3370 jam

40 3379 155 3443 labitur
166 3404 261 3444 curru
276 3381 401 3468 suo'per
415 3397 551 3466 aequatas
563 3383 672 3449 undas.

37 3577 186 3632 Prudenter
197 3581 266 3652 ψη
281 3577 344 3648 plus
356 3590 396 3634 est
411 3579 483 3630 enh
498 3581 538 3630 in·
583 3589 677 3633 eontra
686 3573 1007 3647 principemtenpestatit
1017 3573 1082 3624 iras·

36 3658 196 3711 nocentibus
209 3677 378 3724 succurrere,
394 3677 475 3728 quam
489 3675 538 3710 no-
582 3660 663 3709 cintr:
675 3672 754 3724 quem
761 3653 875 3722 primum
884 3663 989 3702 constat
996 3667 1083 3723 egres·

37 3740 154 3788 centium
169 3737 267 3790 delicta
281 3739 385 3808 punire.
393 3739 467 3790 Seru.
503 3761 506 3769 ⁴
582 3731 1084 3804 sumtqniasuprazllnaliuntsquello·
1130 3743 1134 3753 “

74 3817 134 3883 140.
145 3818 353 3882 Vestras‚Eure,
364 3817 459 3869 domos.
469 3819 537 3868 Iras-
580 3828 671 3888 resque
685 3822 775 3864 ruunt.
784 3810 904 3862 -Aulm
919 3812 1009 3861 lrrisio
1025 3824 1082 3873 est;

34 3899 153 3948 centium
165 3910 209 3948 ert
225 3900 266 3948 nti
283 3899 395 3968 proprio
411 3899 534 3962 nomine,
581 3899 644 3968 quia
664 3894 799 3964 sequitur,
821 3893 946 3946 caraem.-
967 3903 994 3942 et
1013 3889 1081 3942 nihil

35 3989 64 4027 ut
80 3976 241 4030 Terentius:
258 3977 335 4048 “Ego
353 3989 382 4027 te
398 3977 427 4026 in
444 3977 536 4046 pistri-
580 3989 635 4028 tem
647 3973 825 4037 contrarium,
839 3972 861 4024 si
873 3967 1030 4040 simpliciter
1039 3971 1082 4019 iu·

33 4075 117 4124 num,
133 4058 225 4124 Dare,
241 4055 374 4110 dedam.»
390 4056 443 4108 Aut
460 4057 542 4128 quati
580 4054 731 4126 telligiruus.
743 4050 814 4103 Sera.
877 4069 880 4080 ·
