2670 4596
252 400 255 406 .
346 345 397 408 iu
422 342 655 408 uncinos
678 317 771 410 cin.
797 349 822 412 1.
1064 378 1101 418 21

10 473 12 514 l
97 475 149 554 87.
167 467 275 530 Habes
290 469 486 548 tempestatis
501 469 625 542 causas3
645 483 676 528 et
694 489 763 551 quae
778 470 968 535 antecedunt
981 477 1048 556 jam
1065 462 1107 540 ei:
1159 543 1161 550 ,

10 583 11 590 ’
64 559 139 619 fecta
148 605 156 635 ,
166 573 200 618 et
209 577 280 640 quae
291 569 482 637 sequuntur3
494 553 640 614 videlicet
650 555 802 619 bantinum
815 559 942 638 clamor,
953 567 1106 627 rudentum
1188 567 1191 570 “

65 647 171 708 stridor.
191 647 401 727 Tempestatis
416 643 527 702 horror
542 660 672 726 apparet
687 649 719 704 in
734 650 802 708 istis
817 649 945 730 syllabis
960 653 1020 729 clu,
1042 659 1106 731 stri,

67 759 95 796 ru
99 761 109 808 ,·
122 735 198 795 dein
211 734 315 793 littera
328 733 520 814 rquinquies
535 735 701 812 repetitur,
718 755 787 816 quae
799 734 931 798 formata
946 742 985 800 ad
1000 741 1108 802 horro-

66 845 135 884 rem.
148 826 298 906 Sequitur
309 821 356 896 id,
370 820 454 903 quod
467 823 500 880 in
513 824 599 880 omni
613 836 797 905 tempestate
814 829 976 889 teterrima¹
986 813 1108 891 accidat

67 933 189 972 necesse
199 926 264 985 ¹est3
277 911 429 971 nimirum,
441 907 594 984 tenebrae,
610 908 711 990 caligo
727 915 820 988 aeris,
835 913 1012 978 obscuritas
1025 918 1106 994 caeli,

67 1001 246 1060 eudemum
262 1021 334 1059 nox.
356 1001 450 1058 Fiunt
466 998 533 1058 haec
551 1001 657 1057 omnia
674 1017 835 1062 momento
853 1010 1017 1088 temporis,
1037 1007 1108 1068 ideo

67 1091 164 1151 subito.
189 1092 225 1148 In
247 1087 344 1148 verbo
367 1090 494 1168 eripiunt
515 1108 651 1168 agnosco
674 1088 824 1170 quiddam
846 1092 928 1152 ultra
948 1095 1108 1174 vulgarem

68 1180 166 1238 aleam
186 1182 364 1238 Poetarum.
389 1175 473 1252 Quid
495 1175 593 1236 illud?
615 1177 775 1259 celumque
800 1179 944 1263 diemque,
973 1183 1109 1264 vulgaris

69 1259 222 1350 quispiam
235 1267 353 1328 diceret
366 1265 457 1326 lucem
469 1291 477 1324 :
488 1267 555 1346 jam
568 1287 638 1325 cum
653 1266 796 1348 emphasi
812 1273 984 1332 Teucrorum
997 1295 1032 1332 ex
1044 1295 1110 1333 ocu·
1196 1285 1198 1290 ’

70 1354 117 1430 lis;
136 1377 208 1415 nam
233 1357 377 1437 quamvis
399 1356 485 1435 Lycii
503 1357 631 1414 AEneam
653 1354 879 1436 sequebantur,
901 1361 1109 1440 Trojanorum

68 1448 184 1525 signate
195 1467 291 1506 causa
302 1458 470 1526 tempestas
481 1447 642 1504 excitatur.
655 1444 739 1521 Quid
752 1445 831 1504 illud
842 1455 922 1507 uox?
934 1463 964 1509 et
975 1451 1111 1511 incubat?

69 1535 135 1593 Fuit
144 1537 230 1594 enim
241 1534 294 1594 hic
304 1535 477 1593 necessaria
488 1535 720 1594 noctis‘mentio
730 1534 769 1593 ad
777 1533 912 1616 fulgura,
921 1559 990 1620 quae
998 1538 1111 1599 deinde

69 1637 257 1704 sequuntur,
276 1645 349 1681 nam
366 1620 434 1681 haec
451 1624 483 1680 in
501 1635 593 1682 nocte
610 1621 793 1682 horribilius
810 1623 967 1686 etclarius
982 1630 1110 1688 micant.

69 1709 141 1786 Quis
157 1711 226 1790 jam
247 1709 299 1770 ille
318 1707 449 1783 horrori
466 1713 622 1770 Intonuere
634 1709 711 1791 poli,
733 1725 761 1771 et
774 1713 878 1772 crebris
892 1718 983 1776 micat
995 1716 1110 1798 iquibus

69 1796 161 1856 uther.
177 1798 230 1856 Ait
241 1796 358 1868 crebro,
378 1799 452 1878 quia
467 1798 499 1854 in
515 1798 754 1878 tempestatibus
769 1797 908 1859 crebrius
922 1802 1112 1862 micantful-

68 1904 155 1962 gnra,
176 1889 274 1966 quam
294 1885 431 1942 tonitrua
449 1881 629 1944 audiuntur.
652 1887 688 1944 ln
707 1900 795 1946 tanta
811 1907 914 1947 rerum
930 1887 1111 1967 formidine,

68 1971 141 2053 quid
164 1972 409 2054 expectandum,
431 1975 492 2032 nisi
513 1973 615 2031 mors?
633 1973 715 2032 banc
735 1989 765 2034 ct
782 1991 948 2056 praesentem
970 1981 1114 2040 intentant

67 2065 175 2122 omnia.
192 2063 270 2138 Quae
282 2061 420 2121 sunt-hic
432 2063 552 2120 omnia?
566 2063 667 2137 venti,
680 2062 810 2144 fluctus,
821 2064 947 2141 caelum,
960 2067 1111 2144 tenebrae,

68 2153 222 2224 tonitrua,
235 2149 369 2230 fulgura.
385 2147 464 2208 Vide
479 2163 557 2230 quot
569 2163 600 2208 et
612 2143 722 2231 quanti
737 2151 858 2211 hostes!

105 2260 154 2318 92·
173 2239 362 2321 Expavescit
377 2239 486 2297 AEneas
504 2231 544 2295 ad
560 2237 702 2297 subitum
720 2238 857 2298 malum:
875 2245 1001 2322 pavoris
1017 2241 1112 2322 hujus

69 2327 184 2410 duplex
204 2343 252 2388 est
269 2343 359 2402 nota3
379 2325 527 2386 videlicet
541 2326 657 2385 solutio
672 2325 901 2412 membrorum,
920 2343 952 2389 et
968 2333 1111 2412 gemitus.

68 2418 101 2476 In
121 2421 259 2500 p'ersona
277 2415 378 2478 AEne'ae
400 2431 541 2476 servatur
560 2415 725 2491 decorum3
747 2435 821 2476 nam
844 2417 898 2479 hic
919 2422 1022 2496 timet,
1045 2436 1110 2481 tum

69 2522 139 2586 post
154 2507 253 2583 alios,
267 2508 426 2588 praecessit
440 2507 524 2565 enim
536 2508 764 2587 Praesmtemque
775 2509 843 2566 uiris
857 2511 1001 2570 intentum
1014 2513 1114 2569 omniu

71 2609 207 2666 mortem3
229 2609 297 2654 tum
316 2607 388 2676 post
407 2595 537 2654 emissos
555 2607 680 2666 ventoS,
701 2611 786 2654 mare
807 2609 947 2671 erutum,
971 2596 1114 2670 tenebras

72 2683 288 2759 densissimae,
307 2686 461 2758 tonitrua,
475 2679 616 2763 fulgura:
635 2682 704 2758 alii,
717 2703 790 2742 suos
803 2682 898 2743 duces
912 2687 1056 2743 timentes
1067 2687 1114 2740 in-

71 2773 189 2835 ducunt
209 2778 244 2833 in
263 2777 333 2856 ipso
353 2772 439 2832 aditu
459 2773 670 2852 tempestatis,
688 2785 801 2852 praeter
822 2771 980 2832 decorum.
1003 2770 1138 2850 Tenditv

71 2882 141 2923 vero
155 2881 273 2922 manus
288 2860 327 2919 ad
340 2860 465 2935 caelum,
485 2859 565 2918 nihil
580 2871 780 2939 precaturus,
802 2857 856 2916 sed
871 2861 946 2940 quia
961 2859 1116 2940 sequitur,

72 2971 90 3012 ο
109 2966 205 3036 terque
223 2964 379 3034 quaterque
398 2949 488 3009 beati!
508 2949 598 3029 quasi
617 2950 686 3028 ipsa
700 2967 811 3006 manus
827 2945 1005 3008 sublatione
1022 2947 1061 3006 ad
1079 2951 1118 3008 si-

73 3037 157 3116 dera,
170 3037 300 3098 vindicet
318 3035 389 3096 illos
409 3057 474 3096 esse
492 3033 618 3111 beatos,
640 3037 694 3117 qui
713 3031 945 3110 occubuerunt,
964 3057 1062 3118 quum
1084 3038 1117 3094 in

74 3127 228 3188 sideribus
240 3127 309 3206 jam
321 3128 392 3185 sint.

111 3221 158 3294 94.
176 3216 326 3295 Sequitur
340 3215 440 3272 oratio
453 3211 620 3272 affectibus
635 3215 756 3294 magnis
769 3212 872 3294 plena.
887 3213 1003 3290 Incipit
1012 3209 1054 3294 ab
1070 3229 1119 3268 ex·

74 3303 278 3380 clamatione,
301 3301 407 3364 felices
428 3297 571 3363 indicans
592 3302 679 3380 illos,
701 3305 756 3386 qui
777 3300 958 3362 ceciderunt
980 3302 1013 3358 in
1033 3297 1118 3361 bello

75 3509 142 3547 nost.
155 3497 229 3548 Edit.
246 3513 308 3568 pag.
327 3497 393 3566 175,
407 3497 440 3549 de
456 3498 578 3568 pluribus
659 3497 701 3548 88.
724 3495 879 3546 Teucmmm
896 3509 926 3542 ex
944 3490 1031 3544 oculis.
1049 3493 1118 3546 Bene

75 3579 160 3628 ventis
173 3596 230 3630 una
242 3577 415 3648 spirantibus.
626 3574 797 3636 Teucrorum,
812 3571 908 3642 quibus
919 3583 1061 3642 tempestas
1072 3573 1121 3624 im·

110 3658 153 3728 87.
164 3659 317 3730 Insequitur
326 3658 474 3730 clamorque
485 3657 577 3708 vt'rum.
623 3655 704 3704 missa
711 3663 775 3702 erat.
782 3652 925 3720 Nunquam
933 3662 1019 3700 totum
1029 3651 1121 3704 caelum

74 3736 220 3808 Sequitur,
229 3739 296 3809 quia
307 3751 478 3809 praecesserat
489 3751 580 3789 vento·
624 3733 721 3802 tegitur
728 3729 857 3799 nubibus,
867 3728 914 3780 sed
923 3727 967 3780 illa
975 3747 1049 3798 pars,
1058 3749 1122 3782 con·

74 3837 137 3870 rum
145 3835 243 3881 sonus,
254 3835 333 3887 quem
344 3830 370 3870 et
381 3820 469 3889 ipsum
479 3816 580 3868 clamo-
624 3825 666 3864 tra
677 3829 754 3882 quam
765 3809 1124 3864 flaverintventi-Noxiu·

76 3915 136 3948 rem
150 3914 294 3967 possumus
312 3896 408 3948 dicere.
422 3925 456 3935 -
468 3896 581 3948 Stridor·
614 3893 708 3969 'cubat
721 3891 782 3944 Nox
793 3889 880 3952 dicta,
900 3889 963 3959 quia
980 3887 1064 3939 oculis
1075 3907 1124 3947 no-

76 3993 131 4046 que
154 3975 303 4026 rudeutum.
329 3977 442 4046 Proprie
463 3977 534 4028 euim
554 3976 583 4028 in
627 3983 694 4024 cest,
711 3971 736 4022 S.
752 3969 913 4037 -Iucubat⁸
932 3965 1027 4018 Melius
1042 3983 1123 4034 quam

74 4055 189 4106 funibus
204 4054 304 4108 stridor
316 4067 363 4108 est.
375 4055 445 4108 Serv.
627 4051 796 4104 Homericum
806 4046 881 4118 ἀμόραι
893 4045 935 4113 νύξ
942 4067 947 4097 :
957 4045 1009 4096 ruit
1024 4061 1083 4094 uox.
1093 4043 1122 4095 C.
