2646 4606
988 253 994 278 l

334 338 385 402 tn
409 339 643 409 nuntnos
667 337 847 414 nra-vt.
1045 355 1107 448 377

106 453 177 531 424.
190 459 278 518 Nunc
289 462 427 540 primum
441 465 553 544 pedem
567 468 659 546 ponit
672 460 778 529 AEneas
793 473 825 531 in
845 471 950 534 inferis
964 475 1060 537 loeis:
1082 482 1107 539 si

62 543 135 604 loca
151 547 210 605 ista
223 550 324 608 stricte
336 567 511 628 sumantur,
523 557 626 634 potuit
637 571 721 631 tuto,
734 567 906 642 occupante
916 587 1028 626 somno
1038 570 1109 628 Cer·

63 631 180 694 berum
192 639 353 699 custodem
365 639 493 701 liminis.
507 643 561 702 Est
574 645 669 706 evadit
680 647 836 727 signatum
850 655 994 731 verbum,
1010 679 1108 738 quum

63 725 138 804 quis
150 727 324 804 periculum
337 730 466 812 aliquod
478 734 582 792 evitat.

103 812 174 888 426.
192 818 250 876 Vix
268 841 320 900 pes
337 818 457 900 figitur,
476 826 708 903 quumstatitm
729 848 803 886 nam
819 827 878 888 hoc
893 845 939 890 est
955 837 1107 910 continuo,

63 899 239 962 audiuntur
259 927 339 966 voces
357 910 537 969 miserrimae
558 908 719 992 inferitum,
740 916 841 995 inqens
857 921 982 997 sopitus,
1002 925 1108 980 animae

53 989 184 1070 flentes:
198 1015 291 1074 quem
306 999 364 1056 ieta
376 1019 440 1057 non
453 999 615 1059 moveant?
628 1001 702 1082 quid
715 1003 740 1060 si
752 1004 923 1084 expendas?
934 1006 1005 1066 illos
1016 1021 1109 1088 raptos
1187 1061 1188 1064 ,

61 1077 102 1138 ab
118 1082 189 1162 ipso
203 1099 342 1153 materno
356 1088 453 1163 ubere,
470 1103 563 1171 atque
573 1104 695 1150 exsortes
706 1095 771 1152 vitre
780 1091 888 1180 dulcis:
900 1117 971 1176 quos
981 1095 1108 1177 quidem

62 1168 186 1230 abstulit
193 1171 251 1232 dies
259 1188 337 1249 atre,
348 1175 498 1251 infausta,
511 1192 539 1238 et
547 1181 644 1239 mersit
652 1180 753 1240 acerbo
756 1182 872 1263 funere.
886 1185 1019 1262 Magnus
1030 1205 1110 1242 seru·
1137 1225 1138 1228 =

62 1275 123 1334 per
134 1259 298 1339 Virgilius,
311 1263 363 1322 sed
375 1267 529 1330 maximus
542 1267 574 1325 in
588 1269 749 1327 movendis
763 1267 928 1330 affectibus
940 1293 946 1328 :
960 1285 1108 1354 praeterea
1160 1325 1162 1330 .

62 1346 229 1406 considera
236 1393 245 1422 ,
257 1347 315 1410 hos
330 1351 410 1411 duos
422 1373 541 1428 versus,

187 1473 264 1554 Quos
274 1473 366 1536 dulcis
379 1480 444 1564 vitoe
457 1493 593 1553 exsortes,
606 1495 634 1541 et
646 1479 683 1540 ab
695 1481 778 1541 ubere
790 1497 898 1564 raptos,

183 1561 312 1625 Abstulit
324 1579 388 1627 atra
402 1567 474 1642 dies,
490 1582 518 1628 et
521 1570 629 1652 fitnere
644 1573 741 1632 mersit
752 1573 854 1632 acerbo
859 1619 868 1648 ,

63 1683 125 1744 sibi
140 1696 260 1772 opponi
272 1717 278 1753 :
292 1718 364 1756 nam
378 1700 445 1758 dies
460 1712 525 1758 atra
538 1704 713 1782 opponitur
725 1701 807 1762 dulci
820 1705 906 1778 vitae3
921 1717 950 1763 et
962 1704 1107 1764 acerbum

62 1773 162 1850 funus
172 1779 337 1862 uberibus,
349 1809 365 1846 a
377 1791 492 1870 quibus
505 1793 679 1870 rapiuntur.
691 1791 817 1864 Aretho,
828 1815 883 1876 per
893 1793 1107 1876 metaphoram

64 1863 250 1929 afructibus
260 1873 399 1952 ductam,
413 1880 466 1959 qui
479 1877 574 1938 acerbi
583 1893 670 1956 sunt,
683 1901 781 1960 quum
792 1897 862 1942 ante
874 1897 996 1966 tempus
1006 1883 1107 1943 decer-

63 1968 185 2032 puntur
196 1960 367 2025 immaturi.

102 2042 172 2114 430.
191 2047 269 2108 Sunt
282 2053 330 2111 isti
341 2051 429 2134 juxta
443 2056 597 2131 infantem
611 2059 662 2118 isti
676 2072 712 2118 ut
728 2059 845 2119 nullius
859 2063 950 2120 etiam
967 2061 1107 2120 criminis

62 2133 246 2215 participes3
258 2138 391 2221 proximi
403 2147 484 2205 enim
498 2149 536 2208 ad
548 2145 703 2207 infantum
714 2151 927 2208 innocentiam
940 2149 1107 2222 accedunt,

62 2221 118 2298 qui
133 2219 248 2302 injusta
263 2243 293 2288 et
302 2232 439 2302 violenta
450 2249 550 2294 morte
561 2235 700 2296 damnati
711 2251 784 2296 sunt
794 2253 865 2296 ante
876 2236 1000 2296 fatalem
1011 2237 1105 2295 diem.
1126 2304 1131 2312 x

63 2308 163 2370 Nemo
178 2328 282 2392 putet,
303 2316 359 2378 has
374 2321 474 2395 sedes,
495 2323 563 2384 haec
578 2324 646 2383 loca
661 2323 732 2383 data
747 2325 911 2384 animabus
924 2328 985 2385 sine
991 2323 1105 2407 judice,

62 2398 123 2456 sine
140 2413 232 2473 sorte:
247 2401 341 2482 judex
359 2423 405 2467 est
421 2411 542 2486 Minos,
561 2414 614 2492 qui
633 2434 743 2471 urnam
758 2429 949 2487 commovet,
967 2416 1021 2473 ubi
1036 2427 1107 2473 sunt

61 2496 180 2627 qortes:
200 2505 284 2550 vocat
302 2491 351 2554 itte
368 2487 526 2557 concilium
545 2498 681 2560 silentum
698 2503 895 2575 ·animarum;
919 2502 1003 2562 discit
1018 2505 1106 2573 vitas,-

82 2585 147 2632 tscrt
158 2577 290 2638 orimirw.

92 2660 172 2736 434.
185 2668 322 2730 Tertium
337 2671 444 2734 locum
459 2677 598 2758 assignat
612 2677 691 2753 illis,
711 2680 765 2759 qui
781 2679 839 2738 sibi
852 2700 963 2738 manus
979 2681 1107 2760 vimque

97 2841 157 2907 426.
171 2847 298 2901 Continuo
312 2853 408 2906 auditae
417 2873 495 2908 voces.
508 2857 563 2906 No·

60 2922 122 2971 'vem
134 2923 239 2977 circulis
255 2930 336 2981 Inferi
353 2935 433 2984 cincti
448 2952 504 2986 esse
522 2933 562 2985 di-

63 3010 177 3068 cuntur,
197 3023 265 3074 quos
288 3027 360 3062 nunc
388 3016 559 3082 exsequitur:

62 3095 125 3129 nam
133 3084 248 3150 primum
261 3089 362 3140 animas
375 3093 507 3143 infantum
520 3105 560 3145 te·

63 3175 125 3210 nere
138 3159 219 3214 dicit:
231 3167 394 3234 secundum,
409 3191 501 3222 eorum
515 3173 561 3242 qui

63 3236 114 3289 sibi
129 3257 178 3308 per
192 3243 387 3314 simplicitatem
402 3249 495 3302 adesse
512 3271 560 3302 uc-

64 3319 219 3387 quiverunt:
230 3329 346 3394 tertium,
354 3348 446 3381 eorum
455 3333 500 3400 qui
510 3332 562 3382 evi·

62 3408 149 3449 tentes
157 3419 286 3457 aerumnas
295 3424 322 3458 se
330 3423 460 3461 necarunt
469 3433 474 3460 r
485 3429 562 3480 quar·

63 3488 131 3558 tum,
144 3498 235 3532 eorum
247 3487 292 3554 qui
303 3502 472 3542 amaverunt:
487 3492 562 3562 quin·

63 3569 132 3623 tum,
148 3561 267 3614 virorum
282 3567 391 3620 fortium
405 3589 461 3622 esse
476 3571 558 3622 dicit:

62 3650 163 3690 sextum
179 3658 306 3696 nocentes
323 3659 428 3714 tenent,
447 3653 492 3720 qui
511 3669 559 3720 pu-

62 3719 171 3770 niuntur
188 3741 202 3773 a
214 3723 350 3792 judicibus
365 3748 370 3776 :
389 3729 417 3778 in
431 3731 558 3799 septimo,

63 3799 155 3850 animae
167 3818 330 3875 purgantur:
343 3808 371 3857 in
382 3821 487 3872 octavo,
498 3823 559 3860 sunt

62 3879 154 3930 enimae
164 3881 200 3932 ita
210 3897 342 3955 purgatae,
353 3899 383 3937 ut
392 3886 517 3939 redeant:
531 3891 559 3940 in

49 3974 146 4024 nono,
157 3972 187 4010 ut
193 3963 249 4030 jam
259 3982 313 4014 non
323 3965 447 4034 redeant,
458 3967 559 4020 scilicet

62 4037 89 4088 in
105 4057 200 4112 campo
217 4042 314 4116 Elysio.
330 4046 400 4100 Sem.
413 4071 447 4088 ¹-
460 4049 492 4101 1η
507 4051 558 4101 isto

606 2870 747 2908 vereantur
756 2869 855 2926 poetae,
865 2855 974 2921 heroes,
985 2855 1106 2906 sacerdo-

607 2949 659 3000 tes,
673 2936 799 3000 artifices,
814 2956 845 2988 ac
857 2935 977 2988 benefici,
989 2937 1050 2986 llaec
1061 2953 1106 2985 au-

607 3015 1106 3080 temdecirculis,sivesedibuslnfero-

606 3117 663 3148 rum
677 3097 806 3168 pleraque
816 3110 922 3167 sumpta
935 3107 996 3146 sunt
1009 3115 1022 3146 e
1035 3095 1103 3146 libro

606 3175 724 3226 Platonis
734 3175 767 3227 de
779 3177 844 3246 Rep.
855 3177 892 3239 X,
906 3175 951 3226 ubi
963 3174 1029 3224 Erus
1044 3175 1104 3242 qui-

606 3254 668 3306 dam
685 3256 824 3306 Armenius
841 3267 945 3320 narrat,
962 3271 1019 3323 quae
1033 3251 1104 3322 apud

606 3335 708 3386 lnleros
720 3334 824 3385 viderit.

642 3416 701 3480 432.
716 3415 846 3484 Quoesitor.
860 3397 1007 3482 Qut'esitores
1016 3425 1104 3464 autem

606 3508 667 3546 sunt
683 3497 728 3564 qui
743 3493 895 3546 exercendis
914 3493 1102 3563 questionibus

606 3587 739 3646 praesunt:
754 3587 780 3628 et
795 3573 956 3638 notandum,
975 3575 1037 3644 quia
1049 3574 1102 3625 Mi-

605 3673 693 3718 noem,
705 3655 780 3725 quasi
789 3652 933 3718 crudelem,
942 3653 1101 3704 introducit:

606 3729 679 3805 qr'rod
691 3737 715 3786 ei
730 3733 868 3803 epitheton
882 3746 907 3784 et
919 3733 994 3784 Plato
1009 3745 1035 3785 et
1048 3734 1103 3784 Ho-

604 3832 692 3866 merus
706 3813 787 3864 dant:
807 3831 869 3864 nam
882 3817 977 3865 AEacus
992 3825 1018 3864 et
1030 3811 1103 3864 Rha-

604 3891 764 3944 damanthus
785 3893 879 3964 fratres
896 3893 1013 3942 mitiores
1033 3903 1101 3943 sunt.

603 3973 673 4024 Seru.
684 4001 720 4012 -
732 3971 857 4041 Quaesitor
867 3971 961 4022 Minos.
975 3971 1007 4020 Et
1017 3971 1102 4038 inqui·

604 4051 694 4119 teudi,
707 4065 733 4104 et
743 4070 813 4104 urute
824 4050 954 4123 agitanda
963 4048 1044 4101 habet
1053 4063 1104 4118 po-
