2644 4614
191 304 254 382 504
430 347 433 354 ·
519 297 898 362 COMMENTARlA

188 426 330 506 petiverit
346 443 404 504 pro
421 434 513 496 nato,
532 423 606 504 quia
624 421 686 480 fata
704 423 831 480 exitium
848 417 1019 500 'trojanum
1043 419 1247 479 afferebantr

191 509 305 590 quibus
315 509 419 569 obsisti
429 529 493 567 non
505 523 625 589 potest:
641 511 760 588 itaque,
776 511 850 588 quia
860 509 1011 586 Pergama
1020 506 1121 566 debita
1134 521 1246 576 erant,

191 601 224 660 id
239 615 299 672 est,
321 600 457 659 obnoxia
475 601 593 672 ruinas,
616 613 645 658 et
664 619 745 658 arces
762 613 851 658 erant
867 619 999 672 casurae,
1016 597 1110 656 nolui
1131 616 1247 675 rogare

191 707 299 763 arma,
326 708 365 746 ne
383 686 496 746 frustra
516 687 690 760 laborares,
718 687 858 766 quamvis
878 684 979 744 multa
997 683 1148 744 deberem
1170 682 1246 741 filiis

190 775 323 848 Priami,
339 787 369 834 et
384 776 444 832 mei
459 776 559 834 AEneae
574 773 694 833 labores
709 793 789 854 saepe
803 770 1002 831 deflevissem.

230 866 298 924 381.
313 865 402 923 Ratio
415 865 565 945 superiori
578 865 738 945 opposita:
755 861 820 942 jam
837 861 901 921 fata
916 862 1007 920 aliter
1024 861 1160 932 volunt3
1177 857 1243 938 jam
1320 895 1321 932 ,

191 954 323 1034 imperio
336 955 422 1012 lovis
432 955 540 1012 AEneas
553 952 592 1012 ad
603 953 724 1012 ltaliam
737 951 875 1032 appulit:
890 950 960 1010 fave
974 971 1068 1030 ergo,
1083 949 1246 1018 Vulcane,
1320 971 1321 1014 3

192 1043 220 1098 ei
236 1043 319 1114 viro,
336 1045 386 1102 eui
403 1042 486 1101 fauet
496 1043 659 1122 luppiter:
676 1061 766 1102 cerne
777 1060 827 1098 me
838 1039 1028 1120 supplicem3
1048 1059 1119 1098 non
1133 1036 1246 1116 depre-
1320 1043 1321 1046 ’

191 1144 326 1190 satorem
337 1153 394 1212 pro
405 1153 455 1192 me
463 1131 630 1206 submitto,
641 1129 739 1189 eadem
751 1131 810 1211 ipsu
822 1128 943 1210 supplex
952 1131 1038 1186 venio
1045 1175 1055 1202 ,
1072 1149 1145 1208 quae
1159 1125 1244 1184 tacui
1320 1135 1321 1206 ζ

190 1217 327 1296 Trojano
342 1217 442 1278 bello:
458 1238 533 1298 rogo
549 1218 652 1296 itaque
666 1237 769 1275 arura:
785 1235 839 1274 eur
852 1235 919 1274 non
934 1216 1121 1295 impetrem,
1141 1232 1244 1292 quum
1320 1207 1321 1252 Ῑ

191 1306 329 1366 laborem
340 1310 465 1389 penitrix
474 1320 542 1366 nato
553 1303 642 1364 meo?
652 1319 682 1363 et
692 1325 788 1385 quum
798 1325 815 1362 a
825 1317 854 1362 te
863 1315 986 1384 petam,
1002 1305 1057 1382 qui
1069 1323 1153 1362 unus
1164 1299 1245 1360 mihi
1320 1307 1321 1350 T

192 1410 325 1458 sanetum
343 1419 371 1457 es
389 1397 521 1458 numen?
545 1398 617 1455 Haec
635 1396 801 1456 sententia:
823 1393 953 1474 expendi
972 1405 1106 1474 possunt
1125 1392 1246 1465 multa,
1320 1383 1321 1416 ³

192 1504 250 1564 ego
266 1507 362 1565 pauca
375 1485 536 1566 quaedam:
553 1497 687 1542 removet
699 1484 828 1542 nomina
840 1483 959 1554 vitrici,
978 1494 1008 1540 et
1023 1481 1186 1561 privigni,
1204 1499 1244 1537 ne

192 1571 324 1630 Vulcani
340 1573 463 1633 animus
475 1571 605 1631 laedatur
618 1585 757 1632 revocato
771 1572 804 1629 in
817 1570 1001 1630 memoriam
1015 1566 1175 1627 adulterio
1187 1568 1244 1624 Ve·
1320 1587 1321 1598 ¹

193 1659 275 1716 neris
296 1681 365 1720 cum
386 1658 534 1719 Anchisa:
559 1672 681 1718 tantum
702 1679 793 1737 ergo;
816 1677 900 1714 arma
919 1677 990 1737 roqo
1009 1657 1140 1736 qenitrix
1159 1667 1242 1712 nato.
1320 1719 1321 1740 χ

193 1743 327 1824 Objiciet
336 1747 465 1827 aliquis:
481 1766 588 1806 nonne
598 1759 739 1806 revocata
749 1747 792 1806 sic
802 1744 918 1823 injuria
927 1743 960 1802 in
972 1744 1132 1816 animum,
1142 1761 1243 1821 quum
1320 1755 1321 1770 ¹

194 1833 247 1890 illa
267 1847 375 1893 natum
393 1834 525 1909 diceret,
545 1850 576 1893 et
592 1836 748 1896 Vulcanus
764 1835 852 1894 sciret
868 1854 933 1892 non
950 1852 1014 1892 esse
1032 1830 1147 1890 suum?
1167 1829 1242 1888 huic

193 1918 360 1998 objectioni
370 1924 441 1980 satis
452 1925 609 2001 provisum
621 1923 698 1998 illis,
708 1920 817 2004 conjux
827 1921 1007 1993 charissime,
1020 1933 1159 1980 sanctum
1168 1915 1241 1976 milri

194 2029 322 2068 numen:
341 2010 432 2090 quid,
453 2011 538 2092 quod
554 2014 596 2070 ita
611 2011 802 2087 indicatum,
819 2025 935 2094 quanta
949 2012 990 2069 sit
1005 2011 1050 2068 vis
1064 2011 1199 2084 amoris,
1213 2021 1242 2066 et

194 2097 239 2154 uti
252 2097 376 2158 feminae
386 2099 588 2160 dominentur
596 2101 691 2160 viris?
701 2104 807 2183 Apage
816 2123 904 2174 vero,
919 2111 955 2158 ut
967 2098 1088 2180 placeat
1099 2099 1239 2168 Servius,

195 2187 246 2264 qui
258 2189 350 2247 verba
362 2185 432 2264 illa',
441 2191 565 2271 qenitrix
573 2203 658 2266 nato,
671 2190 834 2271 conjungit
846 2211 915 2250 cum
928 2186 1147 2268 sequentibus,
1158 2183 1240 2243 hune

194 2278 228 2334 in
243 2277 390 2354 modum,
403 2283 529 2362 qenitrir
540 2295 609 2342 nato
623 2296 647 2342 te
649 2280 721 2364 filia
732 2283 838 2342 Nerei:
853 2301 919 2340 nnn
932 2281 975 2338 sie
988 2292 1050 2350 est;
1065 2298 1133 2336 non
1148 2277 1201 2336 sic.

242 2363 308 2424 383.
331 2365 465 2426 Adhibet
485 2367 643 2448 exempla,
672 2366 786 2450 quibus
806 2366 939 2427 adducat
960 2367 1083 2424 virum:
1106 2363 1193 2422 llexit
1213 2376 1239 2420 te

199 2487 316 2558 adspice
334 2492 379 2560 qni
397 2503 492 2541 coeant
508 2492 632 2562 populi.»
647 2495 693 2563 lp·
754 2508 756 2519 ·
773 2488 1064 2560 379.·Primrrideberem
1071 2485 1241 2558 plurimam·

195 2585 252 2617 sum
261 2569 330 2617 enirn
337 2567 431 2640 populi
438 2569 634 2644 multitudinem
643 2573 693 2643 sig·
739 2570 776 2622 tis.
789 2570 890 2621 Scimus
898 2566 974 2638 quod
982 2565 1072 2618 Paridi
1080 2577 1186 2616 tantum
1196 2564 1239 2614 de·

196 2645 295 2709 nificat,
305 2659 331 2698 et
342 2650 418 2718 quasi
428 2660 482 2698 non
491 2651 637 2722 impugnet,
646 2649 694 2702 sed
737 2651 815 2702 buit:
833 2648 880 2701 sed
895 2648 948 2698 hoc
964 2646 1105 2698 honestius
1124 2643 1161 2695 ad
1177 2644 1239 2696 alia·
1320 2639 1321 2718 J

195 2728 365 2796 impugnetur
377 2729 535 2793 AEneas,ita
546 2729 642 2800 pathos
655 2731 694 2782 le·
738 2747 797 2782 rum
814 2727 1097 2796 commemorationem
1109 2741 1239 2794 persona·
1320 2723 1321 2786 l

196 2807 245 2870 eit,
266 2804 371 2873 dicens,
392 2807 443 2856 «ln
455 2825 497 2858 me
509 2807 693 2878 excidiumque
737 2827 796 2860 rum
818 2807 915 2860 adduci
936 2818 1041 2877 potest,
1062 2823 1096 2856 ne
1119 2824 1153 2857 ex
1170 2808 1239 2875 turpi
1320 2791 1321 2864 l

195 2903 432 2938 meorumnznam
448 2886 693 2957 quodaprincipio
738 2905 833 2940 caussa
851 2884 939 2938 Paridi
959 2884 1086 2937 debuisse
1105 2883 1239 2948 videatur,
1320 2877 1321 2940 l

196 2982 269 3015 arma
287 2968 368 3034 petit,
387 2965 443 3014 haec
462 2966 531 3016 ratio
549 2978 601 3030 est,
620 2965 693 3035 quod
738 2981 763 3020 et
778 2966 909 3032 simul,nt
921 2964 1032 3034 quidam
1047 2962 1173 3030 tradunt,
1184 2963 1240 3034 pul-

195 3061 251 3094 rem
270 3061 319 3094 neo
341 3061 463 3114 maguam
488 3061 537 3096 nec
557 3043 693 3096 difficilem
739 3045 896 3098 claritudinis
913 3061 967 3095 suae
982 3043 1137 3095 Vulcanum
1150 3043 1238 3093 admo·

196 3124 316 3175 Vulcano
336 3123 457 3194 petebat,
477 3123 538 3175 ideo
558 3139 584 3176 et
605 3126 694 3174 statim
738 3138 827 3190 neret,
840 3125 891 3175 hoc
903 3135 958 3188 est,
970 3123 1075 3172 Formae
1084 3121 1240 3191 judiciuin·
1320 3159 1321 3178 ,

195 3205 298 3272 porciu
309 3221 372 3254 nam
381 3203 519 3272 ubimajus
528 3203 631 3274 aliquid
640 3215 692 3270 est,
739 3206 776 3256 ris
786 3206 927 3274 conjugem
938 3202 1001 3252 vici.
1014 3203 1087 3253 Seru.
1320 3263 1321 3278 χ

195 3297 255 3335 aute
275 3286 356 3336 causa
375 3281 489 3334 dicenda
510 3298 563 3350 est,
580 3297 609 3334 ut
624 3301 692 3353 pree·
771 3283 831 3336 382.
845 3281 953 3333 Eadem.
974 3281 1042 3348 Quae
1059 3293 1124 3332 tunc
1141 3279 1239 3332 seilicet
1320 3279 1321 3300 ¹

195 3361 303 3411 mollitis
312 3363 418 3426 animis,
429 3374 493 3412 tunc
502 3361 575 3432 quod
583 3364 691 3432 petitur,
737 3363 811 3425 silui;
823 3381 881 3432 quse
891 3359 958 3412 nihil
966 3363 1043 3432 petii.
1054 3363 1125 3413 Serv.
1135 3390 1167 3400 —
1175 3362 1239 3430 Sup-

196 3453 359 3510 suggeratur.
375 3441 444 3492 Serv,
496 3463 499 3470 Δ
735 3440 797 3512 plex
807 3441 891 3492 verrio.
908 3439 1031 3490 Allusum
1047 3438 1082 3490 ad
1093 3436 1185 3500 inieris,
1203 3441 1238 3490 sic

232 3519 291 3586 376.
314 3521 421 3572 Miceris.
446 3521 527 3590 Atqui
551 3521 692 3573 honestum
739 3523 808 3574 enirn
823 3519 888 3571 dicti
904 3519 1059 3589 supplices,
1076 3515 1239 3586 reprimim-

196 3609 234 3648 est
247 3593 348 3648 miseris
358 3601 514 3651 subvenire:
532 3602 578 3653 sed
590 3601 642 3652 hoc
654 3599 693 3651 di·
739 3602 805 3660 olas,
831 3597 904 3669 qnod
924 3599 1058 3650 venirent.
1080 3597 1148 3648 lude
1169 3597 1237 3668 apud

195 3678 244 3739 eit,
259 3674 312 3723 Cur
326 3689 351 3727 te
365 3681 503 3749 fatigarem
517 3701 567 3751 pro
579 3683 693 3734 homini·
738 3679 809 3731 Curt.
820 3677 867 3728 lib.
877 3679 926 3729 lV:
940 3677 989 3728 «Si
997 3678 1103 3729 veneris
1113 3677 1236 3746 supplex,

195 3755 246 3805 bns
262 3754 312 3802 fati
328 3760 483 3810 necessitate
501 3764 647 3830 perituris?
658 3789 692 3800 -
738 3771 897 3824 etmatrern,
907 3770 932 3810 et
939 3759 1097 3828 conjugem,
1109 3756 1237 3807 etliberos

195 3833 257 3884 Non
276 3847 350 3880 anna
369 3838 465 3904 rogavi.
489 3839 589 3910 Argute
604 3841 648 3892 hic
665 3841 693 3890 in
738 3852 908 3908 recepturum
920 3852 946 3890 te
961 3856 1019 3889 esse
1032 3839 1193 3907 promitto.»

196 3909 329 3980 principio
349 3929 422 3962 arma
440 3919 574 3985 nominat,
593 3933 623 3970 ut
636 3922 692 3988 jam
773 3917 923 3971 383.Arma
934 3935 1004 3990 roqo.
1016 3917 1067 3968 Hic
1078 3915 1238 3986 distinguen-

196 3989 359 4058 intelligatur
370 3990 434 4060 qnid
445 3996 561 4060 petitura
571 4000 611 4048 sit.
622 4000 691 4050 Serv.
739 3997 815 4063 dum,
835 4010 865 4047 ut
877 3998 919 4050 cui
931 4009 1006 4066 petat
1018 4015 1075 4048 nou
1087 3995 1173 4057 dieat;
1191 3994 1237 4047 sed
