2670 4596
233 305 327 370 xxxiv
509 305 574 368 DE
597 304 832 370 centurie
855 304 1010 369 EPIGO

234 423 360 514 vultu,
382 407 496 516 veste,
514 424 662 514 habitu,
684 427 948 512 diversissime,
968 439 1087 502 temen
1106 450 1228 524 quum
1248 441 1283 496 et

125 595 128 605 .
235 541 320 636 ipsae
338 540 384 611 ad
405 541 443 612 id
463 541 566 640 quod
586 545 705 640 agitur
724 545 871 612 intentae
890 543 961 612 siut
982 543 1282 637 pertineantque,

236 660 434 728 necessario
457 656 546 728 illuc
568 661 736 744 vertitur,
766 682 832 727 nec
849 656 927 754 jam
946 658 984 724 in
1006 652 1140 744 multas
1161 671 1282 752 partes
1332 655 1333 706 i

235 767 448 842 distrahitur
459 774 876 869 spectantiumanimus:
895 771 1100 864 sicepicum
1111 792 1283 855 carmen,
1332 769 1333 774 ’

234 881 421 956 observata
439 890 577 956 unitatis
597 885 691 984 lege,
719 883 812 956 adeo
832 907 928 970 uon,
951 881 1054 980 quod
1077 881 1211 979 aliquis
1233 884 1283 950 ti-

234 1015 348 1087 meat,
372 999 590 1098 elanguescit
608 1002 839 1096 torpescitre‚
863 1013 905 1068 ut
918 1011 1135 1092 contraque
1155 998 1282 1069 minus

234 1109 383 1199 divisas,
407 1137 450 1184 eo
468 1113 624 1212 majores
644 1128 779 1184 exserat
801 1115 909 1198 vires3
934 1134 977 1182 eo
1000 1107 1179 1196 velocius,
1203 1133 1282 1206 quo

234 1230 348 1323 magis
365 1243 459 1298 recte
481 1243 605 1324 pergat
622 1230 699 1314 via3
721 1249 765 1296 eo
785 1225 942 1322 denique
960 1221 1090 1308 fortius
1107 1238 1141 1295 et
1161 1219 1283 1294 effica-

235 1342 312 1410 cius
334 1364 400 1412 nos
422 1344 556 1437 rapiat,
579 1364 655 1437 quo
677 1342 790 1438 magis
808 1354 906 1410 certo
928 1337 974 1410 ad
996 1362 1119 1411 unum
1138 1340 1282 1433 impetu
1333 1410 1334 1446 ,

234 1449 346 1524 finem
362 1453 539 1528 decurrat.
556 1453 648 1527 Solis
661 1457 759 1534 euim
773 1452 883 1540 radii,
900 1455 964 1551 ¹qui
976 1452 1128 1550 dispersi
1141 1450 1283 1548 pellent
1333 1457 1334 1466 ’

234 1583 268 1636 et
297 1565 516 1662 hebescunt,
546 1573 584 1639 in
608 1587 728 1643 unum
751 1566 893 1641 collecti
917 1592 995 1642 non
1019 1565 1139 1647 lucem
1166 1565 1282 1638 modo

234 1678 412 1771 atterunt,
429 1683 491 1754 sed
505 1682 713 1757 flammam:
730 1688 781 1756 sie
797 1682 922 1756 multis
937 1679 1283 1779 dispertitas‘rivulis

189 1786 192 1798 ’
235 1821 346 1892 aquas
373 1813 465 1871 terra
487 1799 616 1888 ebibit,
644 1825 727 1900 quae
747 1802 776 1869 si
797 1797 912 1870 modo
933 1801 972 1870 iu
993 1820 1113 1876 unum
1134 1795 1282 1870 alveum

234 1910 434 2007 compulsae
456 1939 498 1984 ac
518 1928 744 2012 congregatae
765 1910 924 1999 fuerint,
951 1927 1041 1984 tunc
1067 1915 1164 1986 intra
1184 1913 1283 2008 ripas

234 2049 396 2121 pererra
413 2024 486 2098 leto
501 2025 657 2108 flumine
670 2024 874 2100 volventur.

282 2142 355 2212 Nee
365 2146 477 2212 unitas
486 2145 649 2238 varietati
659 2156 855 2238 repugnat,
872 2138 934 2210 sed
946 2137 1062 2213 embae
1074 2137 1186 2222 simul
1195 2163 1282 2210 con·

230 2253 369 2350 junctae
387 2254 470 2356 plus
489 2256 535 2328 ad
556 2254 783 2351 voluptatem
801 2251 1007 2340 conferunt,
1030 2255 1157 2326 Unum
1176 2256 1281 2350 quasi

235 2372 403 2467 princeps
424 2369 561 2442 iactum
583 2367 808 2467 postuletur3
833 2367 949 2448 multa
968 2370 1120 2448 minoris
1140 2367 1281 2440 ordinis

235 2499 270 2554 et
283 2484 454 2580 ponderis
469 2483 829 2572 non'exeluduntur,
846 2482 960 2554 modo
978 2481 1025 2554 ed
1041 2480 1135 2562 illud
1150 2485 1284 2579 prima·

235 2602 333 2670 rium
352 2614 529 2696 spectent,
553 2602 784 2696 invicemque
802 2613 838 2669 et
858 2623 945 2676 curn
968 2594 1280 2685 illotcohaereann

235 2712 349 2784 modo
365 2713 576 2802 videantur,
598 2738 676 2786 non
690 2717 786 2784 utin
801 2728 928 2786 eatena
941 2710 1091 2799 annuli,
1106 2711 1169 2782 sed
1184 2727 1227 2782 ut
1243 2715 1282 2785 iu

235 2854 388 2925 corpore
402 2828 585 2918 membra,
601 2853 683 2926 quae
697 2831 864 2926 quamvis
878 2831 977 2900 varie
993 2831 1066 2898 sint
1079 2831 1284 2923 separatim·

235 2968 307 3038 que
323 2959 582 3030 numerentur,
601 2969 667 3016 sua
686 2946 1050 3036 tarneneonnexione
1063 2945 1112 3020 ite
1131 2966 1283 3039 eompa-

237 3072 312 3127 rata
328 3071 434 3144 sunt,
456 3073 498 3128 ut
514 3074 666 3145 cuncta,
683 3084 760 3130 non
777 3057 921 3156 singule
934 3061 1118 3162 integrum
1134 3054 1282 3136 facient.

283 3173 380 3270 Ego,
411 3170 509 3246 salva
531 3177 694 3270 corporis
717 3177 874 3271 unitqte,
899 3175 1097 3252 maximam
1120 3175 1283 3272 partium

235 3292 444 3368 varietatem
464 3291 578 3364 inesse
593 3286 719 3385 juben.
737 3291 908 3385 ¹lugerent
926 3286 984 3360 he
1000 3271 1195 3375 terrorem
1215 3285 1285 3359 iltae

235 3400 514 3482 admirationem
529 3405 690 3499 perient3
714 3401 794 3474 aliae
812 3401 989 3500 lacrymas
1010 3399 1176 3490 eliciunt3
1202 3404 1283 3480 sim·

237 3513 365 3611 pheos,
382 3533 550 3606 austere,
565 3515 788 3617 magnificae,
806 3515 932 3589 duleee
946 3521 1189 3604 misceantur3
1207 3515 1284 3586 lon·

237 3633 353 3725 pieres
378 3631 547 3727 quaedam
568 3631 740 3712 lectorem
763 3647 972 3719 morentur;
995 3629 1118 3728 plures
1136 3647 1285 3727 praeter·

238 3759 321 3816 eant
335 3748 425 3832 cito,
445 3771 554 3843 seque
570 3765 604 3822 et
618 3773 685 3823 nos
703 3750 900 3844 praeeipites
915 3744 1115 3843 impellant.

288 3858 478 3954 Episodia,
499 3859 581 3932 ilios
592 3865 763 3934 carminis
774 3860 990 3964 adventitios
1000 3875 1170 3946 ornatus,
1189 3857 1287 3933 idem

242 3976 379 4070 peperit
392 3977 561 4049 novitatis
575 3999 696 4071 arnon
718 3974 933 4074 sicquidem
947 3973 1196 4058 adtummtm
1212 3999 1288 4072 per·
