2670 4596
278 291 302 325 *2
386 263 721 348 nrsoursrrro.
970 249 1073 344 xxxvi

13 405 14 420 ³
46 393 188 492 gendam
217 393 399 488 praecipit,
427 387 560 485 quibus
587 385 737 460 feliciter
763 395 1074 493 conspirantibus,

46 509 149 580 homo
161 510 331 604 superior
342 503 513 575 omnibus
527 507 609 574 vitae
622 502 790 600 perieulis
803 507 939 582 evadat.
956 515 997 585 ln
1014 542 1076 588 cae·

46 629 118 696 teris
130 627 214 708 item
230 622 452 730 documenta
464 619 509 690 ad
522 624 633 691 vitam
646 619 835 694 utilissima
843 621 948 698 facile
958 636 1076 728 quivis

47 757 150 840 potest
164 743 331 838 reperire.
354 739 434 808 Hoc
451 739 560 835 igitur
574 735 641 807 sibi
657 756 838 834 proponat
854 761 958 838 poeta
967 776 976 835 ;
999 775 1076 822 non

48 873 156 928 tamen
173 871 270 925 recta
288 869 402 951 petat,
424 879 470 922 ne
489 878 599 950 quem
614 851 808 950 scopulum
824 861 982 934 intentus
1004 869 1079 962 ipse

49 970 153 1042 oculis
162 995 303 1067 semper
311 967 528 1056 collimabit,
544 995 628 1038 eum
640 995 713 1066 prae
720 966 863 1044 fastidio
871 998 1080 1054 aversentur

49 1085 206 1172 lectores,
230 1099 294 1155 aut
315 1084 406 1155 dum
427 1081 681 1182 paedagogium
703 1087 811 1184 nimis
833 1089 1081 1188 profitebitur,

49 1198 237 1296 discipulos
257 1197 349 1270 ludo
370 1184 533 1296 expoliat.
563 1199 735 1269 Doctrina
759 1225 842 1296 quae
865 1207 903 1273 in
925 1205 1083 1302 philoso-

50 1312 202 1412 phorum
223 1311 323 1384 libris
345 1311 446 1383 nuda
467 1317 617 1412 petitur,
646 1311 707 1384 hic
729 1317 797 1384 nisi
818 1318 985 1391 involuta
1005 1347 1082 1393 non

50 1431 172 1529 placet;
189 1447 223 1502 et
238 1434 444 1501 inveniatur
460 1434 581 1528 potius
599 1437 759 1528 oportet,
775 1459 887 1530 quam
902 1441 1082 1530 incurrat,

51 1544 356 1642 quemadmodum
375 1569 395 1614 e
410 1541 518 1640 sylvis
539 1547 722 1641 pratisque
739 1541 982 1644 fragrantibus
998 1553 1083 1626 odo-

52 1689 117 1732 rem
137 1659 288 1733 naribus
302 1660 614 1760 jucundissimum
635 1657 733 1730 oculi
747 1657 880 1733 frustra
894 1686 1084 1763 quaerunt,

51 1774 357 1874 quemadmodum
371 1777 478 1844 etiam
490 1777 635 1872 sanguis
648 1775 950 1878 integersubcute
959 1783 1086 1864 intelli·

51 1895 158 1988 gitur,
180 1915 299 1987 neque
321 1915 384 1986 per
404 1913 512 1958 venas
534 1883 705 1958 cernitur.
728 1889 881 1962 Dulcior
901 1893 962 1968 illa
984 1897 1086 1972 disci·

50 2005 162 2104 plina,
184 2005 247 2076 sed
265 2001 446 2076 efficacior
463 2029 628 2102 quoquc:
652 2029 738 2075 nam
754 2001 922 2098 lectores,
942 2013 1086 2111 regibus

13 2107 14 2112 ἵ
51 2121 195 2210 similes,
214 2119 279 2192 ubi
292 2117 379 2190 male
388 2117 549 2218 palpare,
566 2117 716 2217 undique
727 2125 790 2190 tuti
799 2122 1028 2200 recalcitrant.
1041 2136 1088 2202 At

50 2243 108 2336 qui
120 2237 250 2310 molles
265 2237 382 2308 aditus
397 2233 618 2334 sapientibus
633 2232 791 2306 consiliis
806 2249 1086 2336 praetentaverit,

51 2349 488 2452 illeutiquepersuadebit,
498 2364 832 2448 quum,antequam
841 2359 1019 2431 rationem
1028 2386 1089 2460 op-

52 2483 202 2566 pugnet,
217 2481 341 2563 pectus
353 2463 694 2561 jam'occupaverit,
713 2479 747 2534 et
756 2470 859 2562 quasi
869 2494 933 2566 per
942 2475 1090 2544 cunicu-

52 2579 100 2653 los
112 2605 343 2680 progressus,
357 2579 516 2650 mediam
529 2605 648 2651 arcem
662 2596 788 2652 teneat.
805 2585 900 2682 Ergo
913 2607 1090 2685 praecepta

52 2695 237 2784 absistant,
260 2698 328 2765 nisi
344 2693 619 2792 jucundissimis
633 2697 756 2764 vestita
770 2692 914 2786 formis,
930 2703 1093 2798 imagini-

54 2813 191 2912 busque
204 2811 416 2884 felicissimis
431 2812 616 2884 adornata.
633 2811 729 2918 Utile
739 2813 935 2914 quodlibet·
945 2843 1090 2916 germen

54 2928 173 3001 ellore
186 2933 374 3030 provenit:
393 2954 435 3000 ac
450 2932 478 2999 si
492 2929 670 3024 Torquati
689 2929 788 2998 Tassi
807 2927 926 3028 lepida
940 2959 1092 3033 compa-

55 3049 190 3118 ratione
203 3051 257 3117 uti
273 3043 394 3135 liceat,
417 3045 523 3143 eujus
538 3047 636 3114 nitor
650 3043 813 3140 plurimo
832 3074 902 3121 usu
922 3050 1092 3123 nondum

56 3159 202 3232 detritus
216 3165 384 3250 evanuit;
876 3157 878 3162 ’

134 3341 150 3372 e
160 3317 208 3375 Sic
220 3327 380 3378 maternus
395 3335 484 3374 amor
495 3334 592 3396 puero
605 3335 697 3397 quem
712 3319 806 3385 noxia
816 3317 895 3382 lesit

133 3415 350 3495 aTemperies‚
363 3399 466 3474 calicis
478 3434 584 3474 succos
596 3413 723 3475 celantis
734 3418 857 3475 amaros

136 3511 279 3572 «Pocula
289 3513 427 3592 porrexit
440 3508 523 3572 dulci
536 3514 674 3572 rorantia
686 3513 796 3573 melle:

135 3609 316 3692 «Deceptus
329 3623 404 3670 tunc
417 3623 481 3669 arte
492 3611 562 3690 pia,
581 3630 658 3691 puer
672 3611 786 3670 inscius
798 3607 919 3689 haurit,

136 3707 364 3790 «tunsumque
374 3707 455 3768 bibit
465 3720 600 3768 recreato
612 3720 735 3789 pectore
749 3710 856 3772 vitam.
868 3735 882 3766 e
