2676 4602
222 260 285 326 280
548 221 931 320 conncnrsnrs

261 381 331 464 675.
344 381 451 440 Oratio
466 378 558 461 piena
572 380 670 460 magis
684 377 848 440 affectibus
864 401 870 438 :
892 378 1017 440 nullum
1032 382 1214 453 exordium,
1236 393 1273 442 ut

224 470 257 529 in
268 489 300 527 re
308 467 438 550 trepida,
450 480 480 525 et
487 465 619 548 abrupta
630 488 637 522 ι
652 467 754 525 statim
762 466 894 548 querelae
906 467 1080 549 incipiunt3
1088 489 1269 551 oyennonn,

226 557 345 635 signate
359 555 396 614 ad
408 574 471 614 rem
491 575 497 610 :
518 554 542 612 si
555 573 648 612 nemo
661 573 679 611 a
692 554 816 613 nemine
832 554 1000 636 capiendus
1019 555 1151 632 fraude,
1169 555 1268 616 multo

228 643 333 701 minus
344 661 490 722 germana
501 661 517 698 a
528 659 691 720 germana:
705 659 739 698 ex
750 660 810 720 qua
820 653 924 700 mente
934 639 1088 719 additum,
1097 643 1217 724 petebas
1225 661 1270 700 me

219 728 348 810 fiuude?
371 727 495 800 deinde,
509 724 567 786 hoe
578 724 724 808 parabunt
736 747 834 808 rogus,
856 731 948 810 ignes,
961 731 1042 789 oroe?
1053 731 1188 812 perinde
1200 751 1233 789 ac
1245 729 1269 788 si

228 814 325 891 dieat,
337 829 401 876 esto
416 833 551 874 sororem
569 834 658 872 soror
669 812 805 887 fallerem
828 813 879 875 sed
894 818 962 897 quis
976 830 1104 899 putaret
1122 827 1273 898 praetextu

225 901 386 982 religionis
401 899 520 962 includi
538 898 644 974 dolos,
659 899 801 961 fraudes?

260 991 329 1070 677.
344 989 514 1050 Continent
524 985 590 1048 haec
601 1007 750 1068 magnum
758 985 919 1064 affectum,
929 991 1129 1072 etimprimis
1139 989 1270 1050 verbum

223 1082 365 1162 sprevisti:
376 1080 463 1161 quasi
473 1078 570 1153 dicat,
582 1099 680 1159 quum
691 1076 808 1141 deserta
818 1081 875 1140 sirn
887 1093 918 1140 et
927 1096 1030 1162 spreta
1040 1101 1149 1141 comes
1158 1099 1271 1152 sorore,

225 1169 303 1252 quid
313 1171 449 1252 primum
461 1189 496 1228 ex
510 1167 558 1228 his
572 1169 703 1250 querar?
714 1169 764 1230 sed
779 1191 846 1230 nou
860 1183 923 1232 tarn
939 1170 1086 1231 acerbum
1099 1171 1202 1232 deseri
1213 1189 1271 1242 me,

225 1280 318 1342 quam
330 1261 447 1342 sperni:
461 1259 544 1334 talia,
554 1271 587 1320 ut
597 1279 653 1341 ego
666 1279 745 1337 sum,
757 1281 861 1342 comes
870 1273 900 1320 et
909 1281 998 1321 soror
1007 1260 1189 1342 spernenda
1201 1277 1271 1320 sane

223 1367 289 1406 non
304 1347 372 1408 fuit.
388 1349 541 1430 Sequitur,
554 1345 653 1406 eadem
663 1367 709 1406 me
721 1345 836 1430 adsuta
846 1367 990 1422 nocuum,
1005 1360 1061 1407 ete.
1077 1347 1206 1408 Scilicet
1218 1363 1270 1404 vo-

223 1455 318 1497 casses
332 1436 432 1498 meod
449 1435 513 1496 fata
531 1434 652 1512 eadem,
672 1449 707 1496 ut
720 1439 882 1512 comitem3
901 1436 985 1496 idem
1005 1435 1100 1498 dolor
1121 1434 1271 1497 hausisset

224 1523 349 1601 ambas,
361 1537 397 1586 ut
409 1545 528 1586 sorores
541 1547 547 1582 :
562 1527 666 1608 itaque
679 1546 780 1586 comes
789 1523 949 1608 jungenda
963 1526 1025 1586 fuit
1036 1527 1098 1586 tibi
1107 1538 1167 1586 tua
1176 1543 1271 1586 soror.

263 1615 332 1674 680.
344 1611 504 1672 Transfert
513 1609 576 1690 jam
588 1613 621 1671 in
633 1632 664 1672 se
677 1611 751 1673 facti
761 1613 884 1695 culpam
897 1613 939 1674 aci
946 1611 1100 1693 majorem
1109 1631 1273 1693 exaggera-

223 1701 342 1762 tionem
355 1700 473 1760 doloris
486 1723 493 1757 ι
509 1721 567 1781 ego
585 1721 677 1782 rogos
692 1704 768 1762 meis
781 1703 926 1762 manibus
938 1703 1049 1774 struxi3
1065 1721 1126 1782 ego
1139 1703 1223 1761 Deos
1234 1698 1271 1758 ad

225 1811 347 1852 sacrum
361 1790 422 1851 hoc
438 1791 545 1850 vocavi
564 1811 599 1850 ex
619 1811 721 1869 more,
740 1797 782 1854 ut'
794 1794 931 1854 abessem
944 1815 963 1853 a
975 1805 1005 1852 te
1019 1793 1139 1874 posita,
1162 1791 1195 1850 id
1214 1803 1270 1862 est,

224 1901 358 1940 carerem
373 1894 402 1940 te
416 1893 550 1940 mortua.

262 1971 333 2030 682.
342 1972 490 2032 Numerat
499 1982 700 2049 nocumenta,
711 1985 885 2054 quaesecuta
893 1983 1028 2032 mortem
1035 1969 1178 2030 Didonis
1189 1992 1196 2027 :
1208 1987 1272 2028 non

226 2069 257 2118 te
264 2055 363 2118 solam
374 2058 552 2132 exstinxisti,
563 2057 613 2116 sed
623 2079 688 2134 me,
698 2060 749 2120 scd
759 2057 991 2143 populum,sed
999 2071 1118 2141 patres,
1127 2059 1274 2118 Senatum

226 2142 526 2227 Carthaginiensem,
541 2143 593 2204 sed
606 2143 716 2206 urbem
737 2160 846 2207 totam.
863 2147 1023 2226 Sequitur,
1044 2145 1127 2216 dote,
1150 2139 1274 2203 onlnem

224 2229 350 2314 lymphis
359 2231 495 2308 abluam,
509 2232 541 2316 id
552 2247 596 2294 est
604 2234 779 2313 concedite,
789 2248 823 2296 nt
835 2232 962 2294 abluam
972 2231 1112 2316 lymphis
1124 2231 1272 2300 vulnera3

221 2317 283 2380 hoc
298 2322 400 2401 potius
413 2321 525 2400 placet,
536 2340 629 2400 quam
639 2321 831 2405 hypallagen
841 2341 1024 2403 agnoscere3
1036 2341 1112 2380 nam
1126 2321 1196 2401 pari
1210 2337 1274 2376 sen·

221 2409 318 2466 tentia
331 2407 485 2487 sequitur:
496 2406 576 2481 date,
586 2421 620 2468 ut
630 2409 735 2489 legam,
744 2431 796 2471 ore
806 2421 978 2470 extremum
986 2403 1220 2468 halitumzhaeo
1230 2401 1273 2460 di·

222 2487 308 2570 cens,
322 2493 415 2554 simul
430 2507 569 2556 eraserat
580 2496 617 2556 ad
634 2497 755 2576 iocum,
767 2501 896 2560 obierat
908 2518 997 2581 pyra.

220 2691 315 2745 posse,
335 2672 444 2743 quidam
453 2677 615 2747 negaverint.
635 2677 715 2730 Tanis.
766 2680 859 2734 Urium>
874 2681 960 2741 tuom,
981 2692 1061 2746 quiam
1076 2672 1228 2726 extruxisti.
1241 2669 1272 2719 Et

235 2760 236 2764 ’
256 2754 318 2810 680.
331 2754 420 2818 Stntxi
432 2755 557 2810 manibus.
569 2756 717 2823 Quasi-soe·
765 2757 874 2828 quidam
886 2755 939 2808 hoo
956 2754 1018 2818 loco
1032 2752 1130 2806 uolunt
1143 2764 1200 2804 tres
1211 2765 1271 2822 par·

219 2835 282 2892 leris
301 2835 497 2902 contaminata,
521 2848 548 2890 et
567 2839 644 2906 quasi
659 2840 718 2906 ipsa
764 2847 802 2888 tes
812 2834 911 2906 politiae
921 2831 1146 2904 comprehensas,
1156 2828 1269 2902 populi,

219 2913 355 2966 interitum
368 2916 466 2972 sororis
479 2914 618 2984 adjuverit.
631 2915 720 2970 Serrai
765 2915 947 2988 optimatium,
960 2915 1038 2984 regite
1045 2911 1193 2982 potestatis
1208 2906 1272 2959 :Ca-

220 2995 352 3059 manihus,
373 2993 501 3046 subaudis
524 3014 605 3068 rogos.
619 3025 653 3035 -
668 2997 719 3046 Pa·
764 3005 792 3043 to
804 2993 874 3045 enirn
887 2994 924 3044 ait
935 2991 969 3042 de
982 2991 1066 3042 tribus
1077 2991 1135 3040 istis
1146 2983 1270 3060 partibus

220 3075 282 3126 trior
293 3073 360 3126 deos.
378 3071 521 3130 Saturnum
538 3085 564 3123 et
577 3075 717 3128 lunonem.
764 3073 915 3126 ordinatam
927 3073 1009 3123 inisse
1025 3069 1230 3144 Carthaginem.
1244 3067 1268 3117 S.

255 3153 316 3205 eta.
331 3153 481 3204 Exstinxsti.
494 3153 545 3201 Pro
559 3153 717 3218 exstinxisti,
799 3151 859 3206 683.
881 3151 948 3201 Date
968 3148 1091 3220 lymphis.
1112 3149 1185 3199 Date
1205 3145 1269 3217 lym·

222 3251 352 3308 episcopm
362 3247 392 3284 ut
400 3249 491 3302 supra,
499 3231 560 3295 606,
568 3233 717 3298 exstinxero,
762 3231 844 3305 phas,
855 3241 885 3281 ut
895 3229 1006 3281 vulnera
1016 3226 1124 3280 abluam
1133 3232 1142 3288 ';
1152 3225 1208 3276 hoc
1216 3237 1268 3289 est,

220 3331 272 3386 ΡΝ)
280 3312 466 3364 mahtim-⁶
478 3320 503 3360 0¹
512 3309 613 3360 AEnflid·
622 3312 642 3371 Ι,
658 3311 717 3380 205,
762 3313 825 3368 date
834 3317 931 3381 aquam
941 3331 947 3360 ε
958 3307 1087 3373 anulare,
1100 3305 1129 3357 id
1139 3317 1196 3370 est,
1210 3323 1268 3376 per·

220 3392 336 3452 accestis,
349 3405 400 3457 pro
414 3386 614 3440 accessistisrita
625 3388 718 3462 legunt
760 3393 866 3444 mittite.
888 3390 990 3441 Larare
1015 3399 1105 3440 antem
1132 3386 1265 3437 cadavera

218 3467 340 3520 Valerius
348 3461 718 3530 Probut‚Carisius‚etc.Ve·
760 3473 825 3523 satir
832 3470 959 3540 proximis
967 3465 1178 3521 concedebatur.
1188 3463 1265 3516 Unde

217 3558 288 3596 teres
296 3553 383 3590 tamen
391 3538 498 3608 plurimi
505 3541 716 3600 codiceshahent
761 3551 881 3620 queritur
890 3560 975 3602 mater
985 3545 1109 3618 Euryali:
1123 3557 1198 3598 «neo
1207 3543 1268 3598 voh,

217 3618 344 3682 milui,
364 3619 450 3687 Prima
464 3638 598 3690 Pefwssflt
623 3627 661 3678 ita
684 3639 714 3676 nt
759 3629 887 3681 neralavi
897 3630 1089 3698 Vestetegenr.
1102 3647 1130 3670 o·

217 3696 714 3773 culpemomnemdamnuntquecom-
794 3706 854 3760 685.
882 3709 931 3760 Ore
954 3705 1048 3779 legam.
1071 3701 1262 3763 Muhebriter,

133 3813 137 3824 .
215 3773 385 3830 muneAnna
401 3776 428 3826 in
446 3793 473 3829 se
487 3798 566 3832 unam
581 3785 711 3836 conferat.
757 3796 889 3858 tanquam
910 3785 996 3857 possit
1020 3785 1137 3836 animam
1163 3781 1263 3832 sororis

215 3850 447 3924 “P⁰P“l“mi“⁶2
458 3867 601 3931 Paimslut',
615 3863 714 3913 vt'bem·
757 3867 897 3937 excipere,
913 3877 939 3918 et
956 3866 984 3916 in
1000 3881 1029 3915 se
1044 3861 1202 3914 transferre.
1222 3860 1262 3912 Sic

215 3953 266 4012 W
274 3932 464 3998 mmmm»
474 3935 567 4006 idest,
576 3940 710 3994 Senatum.
756 3941 855 3998 Cicero.
863 3945 1016 4012 iniierriais
1026 3963 1032 3994 ι
1047 3963 1058 3987 s
1068 3942 1105 3993 Ut
1114 3951 1262 3994 extremum
