2692 4594
307 343 359 408 ru
382 331 617 410 muninus
637 335 736 410 'mn
759 345 822 410 rr.
1020 355 1082 422 „5
1150 393 1152 398 .

53 462 155 524 deinde
163 462 345 542 distinctim,
357 468 438 526 Hinc
448 463 569 527 Gcetuiae
581 466 671 540 urbes,
679 467 763 548 quod
776 467 814 528 ad
824 466 1036 550 formidinem,
1044 479 1088 538 ait

53 551 177 631 serrius3
191 577 265 616 nam
277 556 391 616 Gaetuti
406 577 472 616 non
483 559 518 616 in
533 558 663 618 urbibus
681 558 880 636 babitabant,
900 563 952 621 sed
971 565 1003 625 in
1021 587 1086 629 ma-

53 639 182 722 palibus,
196 655 227 702 et
242 643 348 723 adjicit
360 664 450 725 pensis
466 643 658 726 insuperabile
673 643 747 704 betto
762 671 770 705 :
785 668 854 728 quae
868 669 941 730 ergo
956 665 1008 713 tua
1023 677 1090 738 spes

54 741 151 789 contm
172 729 263 790 illos?
279 733 401 812 Pergit:
418 734 542 812 cinqnnt
558 743 584 790 te
597 730 752 804 Numidae,
772 737 825 813 qui
837 735 945 817 infreni
957 754 1029 800 sunt
1042 765 1049 800 ι
1064 726 1090 804 sl

53 820 173 902 cingeris
186 820 340 902 undique,
355 823 409 902 qui
418 821 527 902 fugam
537 819 682 903 parabis?
694 822 776 902 quod
791 844 853 884 esse
864 839 1034 890 extremum
1045 855 1091 893 re·

53 908 180 967 medium
194 909 230 968 in
244 907 333 968 malis
352 909 450 968 solet:
467 922 497 968 et
511 922 574 968 esto
590 907 709 990 fugias,
725 913 832 970 nonne
851 913 967 975 infreni
979 917 1089 999 fugam

52 1009 129 1056 tuam
138 999 473 1082 assequenturltlingit
484 1011 513 1059 tc
522 1001 630 1081 Syrtis,
643 1020 712 1080 quae
723 999 884 1083 inhospita:
898 1007 952 1085 qui
963 1028 1036 1090 ergo
1047 1010 1091 1070 10.

54 1113 98 1152 cus
111 1095 231 1154 auxiliis
251 1095 453 1168 advocandis,
472 1097 496 1156 si
516 1097 667 1177 premaris
685 1093 789 1156 bello?
806 1099 1091 1184 praesertimquuni
1158 1132 1161 1135 ·

53 1183 122 1260 regio
133 1193 198 1241 tota
212 1181 322 1243 deserta
334 1186 372 1242 sit
383 1185 430 1243 siti
435 1211 445 1256 ,=
463 1203 558 1264 quam
577 1181 633 1242 late
646 1196 807 1265 occupant
824 1189 938 1248 Barccei
948 1191 1091 1272 furentes.

53 1267 149 1350 ltaque
160 1273 257 1354 Syrtis
271 1271 443 1355 inhospita,
457 1275 543 1354 regio
554 1272 727 1348 siticulosa,
737 1273 873 1334 furentes
886 1274 1011 1340 barbari
1020 1283 1092 1342 nul-

54 1356 111 1417 lum
119 1359 157 1418 ad
168 1374 197 1419 te
207 1359 357 1420 tuendam
366 1359 507 1420 accedere
515 1360 666 1420 auxilium
676 1362 867 1442 permittent.
877 1365 1011 1426 Demum
1022 1369 1095 1450 quid

54 1445 140 1506 dicam
148 1447 226 1508 belin
236 1452 409 1530 surgentiae
422 1437 520 1530 tymi
530 1448 602 1528 quid
612 1451 747 1528 permuni
758 1451 969 1530 Pygmalionis
982 1457 1093 1516 minas?

55 1535 168 1597 Necesse
179 1550 224 1598 est
234 1540 340 1618 itaque
351 1537 450 1612 Dido,
463 1536 523 1596 tibi
537 1537 674 1618 aliquem
684 1539 802 1619 nuptiis
814 1539 973 1618 concilies,
985 1557 1019 1604 ut
1031 1543 1092 1606 fra-

56 1624 103 1683 tris
115 1623 253 1686 furorem
263 1628 423 1708 minasque
433 1624 579 1706 effugias,
592 1645 669 1706 quas
677 1623 744 1706 jam
753 1624 810 1692 tibi
822 1627 956 1696 intentat
966 1649 1002 1690 ex
1014 1634 1092 1694 urbe

58 1713 139 1796 Tyro.
195 1753 198 1758 -
388 1792 390 1796 Ι

90 1803 134 1878 45.
143 1808 225 1866 D‘eos
234 1805 328 1866 credn
336 1803 456 1880 fecisse,
466 1807 510 1864 sit
522 1805 627 1884 Anna,
637 1813 704 1866 tuln
713 1808 849 1888 auspices
862 1808 1092 1892 conjugiorum,

57 1904 114 1952 tum
127 1897 286 1957 lunonem
296 1895 517 1978 Gonj'ugalcm,
530 1909 565 1956 ut
576 1895 639 1957 huc
654 1899 763 1957 AEneas
777 1900 945 1980 appelleret
954 1901 1093 1985 conjugii

56 1983 96 2041 tui
106 2004 209 2046 causa:
222 1987 298 2067 quia
310 1988 462 2047 nimirum
472 2007 540 2068 quae
551 1985 662 2070 pr'aeter
671 2006 759 2070 spem
769 1989 927 2066 accidunt,
938 2011 972 2050 ea
983 1991 1091 2054 dicun-

57 2082 101 2130 tur
111 2073 260 2135 divinitus
274 2073 352 2136 fieri.
629 2089 631 2098 '

89 2159 134 2242 47.
148 2164 269 2224 Excitat
283 2167 425 2226 animum
440 2167 555 2226 sororis
578 2166 616 2224 ab
636 2186 689 2246 spe
709 2161 823 2226 futurae
842 2163 998 2229 claritatis.
1014 2171 1091 2247 Quae

57 2253 259 2315 tuncerithaec
268 2255 341 2316 urbs
349 2258 450 2316 AErteae
458 2253 804 2336 conjugiofquaeregna
814 2253 985 2338 assurgent,
997 2260 1093 2340 quain

57 2343 167 2403 munita
175 2357 204 2404 et
214 2343 537 2426 parata'l'rojanornm
549 2345 643 2403 armis
655 2349 764 2404 eontra
772 2339 921 2422 Gaetulos,
931 2350 1091 2431 Numidas,

57 2425 197 2490 Barcaeos?
212 2453 283 2513 quae
297 2433 398 2513 gloria
412 2430 548 2508 accedet,
560 2430 645 2512 qnod
660 2430 751 2491 decus
765 2430 856 2492 rebus
868 2435 1012 2496 Plinicis?
1085 2439 1087 2444 ’
1139 2446 1142 2454 “

92 2517 134 2578 50.
149 2521 201 2588 Est
212 2519 280 2602 jam
292 2522 326 2580 in
340 2519 481 2601 epilogo:
493 2517 537 2578 dn
549 2539 675 2601 operam
689 2521 732 2578 r'ei
747 2520 886 2595 Divinae,
902 2525 1031 2585 Deorum
1042 2548 1090 2587 ve·

57 2604 142 2684 niam,
154 2605 186 2666 id
200 2619 261 2681 est,
273 2627 382 2688 pacem
393 2618 477 2689 posce
488 2615 543 2689 per
554 2605 737 2667 sacrificium
749 2629 756 2666 :
768 2627 802 2666 ac
813 2606 878 2688 jam
892 2613 980 2669 sacris
992 2610 1089 2689 litatis,

58 2709 157 2772 nempe
166 2694 297 2755 feliciter
309 2706 525 2755 consummato
533 2693 692 2768 sacrificio,
701 2694 926 2774 impetrataque
937 2700 1036 2774 venia,
1047 2702 1091 2758 in-

56 2777 132 2862 dulge
143 2783 280 2867 hospitio,
293 2785 407 2856 scilicet
419 2784 459 2843 da
471 2801 597 2864 operam
610 2795 817 2863 peramanter,
829 2793 859 2840 et
872 2783 1022 2844 benevole
1034 2800 1090 2846 tuo

58 2862 172 2952 hospiti.
182 2873 278 2949 Quasi
292 2871 374 2932 dicat
384 2893 391 2930 ε
403 2872 428 2930 si
437 2869 518 2929 facto
531 2867 696 2943 sacrificio,
705 2867 817 2927 videris
826 2877 854 2928 te
864 2869 1091 2946 litavisse,tunc

59 2953 175 3040 indulge
188 2959 341 3040 hospiti03
353 2957 435 3018 'clara
445 2958 529 3016 enim
542 2957 679 3015 Deorum
691 2954 851 3014 uoluntas:
867 2958 978 3018 innecte
989 2979 1091 3037 causas

58 3048 199 3108 morundi:
211 3048 268 3109 has
280 3047 371 3108 docet
384 3052 472 3128 posse
486 3067 547 3106 csse
558 3042 710 3127 quatuor,
725 3042 882 3120 videlicet,
891 3047 985 3105 maris
999 3046 1090 3106 desae-

58 3137 156 3197 vientis
172 3139 267 3213 iram3
285 3149 479 3220 tempestates
495 3137 605 3218 aquosi
624 3135 765 3210 Orionis3
782 3137 910 3196 navium
921 3137 1090 3216 quassatio-

59 3242 140 3298 nem3
151 3227 217 3304 caeli
233 3228 474 3302 inclementiam.
834 3292 837 3300 .
887 3273 890 3286 .

93 3311 136 3388 54.
145 3317 207 3393 Est,
217 3321 371 3378 accensum
379 3317 581 3400 infhsmmnuit,
590 3313 739 3390 accendit,
747 3325 777 3374 et
784 3311 1089 3373 inflammavitznam

89 3495 127 3562 43.
137 3497 211 3550 Bella
222 3499 291 3569 Tyro
300 3499 437 3572 surgentio.
448 3501 547 3552 Neces·
590 3509 621 3548 ut
629 3496 823 3549 ualidissimum
832 3495 937 3565 posuit;
948 3497 1024 3564 quasi
1033 3496 1091 3548 istis

58 3575 121 3626 sario
138 3577 171 3630 ad
187 3578 404 3650 persuadendum
422 3580 548 3650 praesenti
592 3577 721 3642 addetur,
740 3580 786 3646 qui
797 3593 870 3626 mare
888 3574 1036 3641 obsidebit,
1056 3575 1089 3628 ne

58 3664 168 3726 tempore
181 3677 245 3710 usus
258 3671 306 3711 ett.
322 3688 357 3698 -
375 3659 548 3730 Germanique
590 3660 683 3729 fugere
700 3657 797 3727 possis.
815 3655 950 3707 Postremo
968 3655 1007 3707 illi
1018 3655 1089 3708 hunc

57 3733 264 3810 minas,·propter
271 3756 375 3803 aurum,
386 3738 460 3808 quod
468 3740 501 3801 ei,
510 3739 546 3790 si·
591 3735 763 3809 cogitandum
778 3737 923 3807 proponit,
944 3738 987 3788 cui
1005 3738 1089 3807 impe·

59 3815 130 3866 rutin
137 3819 223 3886 primo
233 3821 291 3870 AEn.
300 3817 424 3882 diximus,
433 3816 548 3869 abstule·
591 3821 660 3870 rium
670 3819 703 3868 sit
712 3817 851 3884 relictura,
861 3817 883 3867 s'i
891 3829 979 3868 careat
989 3815 1089 3869 liberis:

59 3903 102 3941 rat.
121 3894 154 3946 Et
170 3898 253 3950 minas
271 3917 320 3970 pro
338 3899 402 3968 ipsis
422 3897 547 3968 periculis
628 3897 669 3962 54.
689 3897 826 3948 Incensum
843 3894 1024 3970 inflmnmavit.
1047 3897 1089 3948 Bis

60 3975 156 4042 posnit',
177 3988 207 4028 ut
225 3997 256 4030 ex
274 3977 486 4049 precedentibus
505 3987 548 4029 se'-
592 3989 700 4047 repete:
714 3975 1090 4052 scilieetanimnmincensum

61 4055 163 4120 quentia
175 4059 345 4131 accipiamus.
358 4057 427 4111 Serv.
444 4087 479 4116 -,
491 4057 548 4110 Hoc
594 4053 892 4124 amore5'·inllammeiit
905 4071 1008 4133 amore:
1027 4065 1092 4109 narn

121 4141 145 4193 6.
885 4139 917 4194 15
