2670 4596
339 238 391 304 tu
415 237 649 304 sucinos
673 239 765 304 cto.
791 243 816 306 t.
1019 194 1020 202 Ν
1058 278 1094 346 1,

20 385 21 412 t
61 377 86 424 et
96 376 209 423 vastes.
222 364 330 442 Neque
339 381 414 420 vero
424 372 590 420 contentus
601 361 758 440 speluncis
771 365 907 444 imposuit
916 366 977 429 illis
990 374 1097 438 molem

20 489 22 502 ι
63 466 83 512 tt
94 465 204 512 montes
215 448 304 518 citos,
320 449 428 524 idest,
447 446 563 508 molem
577 450 749 523 montium,
763 449 894 534 deditque
902 457 1014 537 ,Repem
1025 463 1096 522 AEo.

62 539 132 614 lum,
146 543 200 621 qui
206 535 307 622 josues
319 559 337 596 a
351 539 429 597 Jove
438 539 521 596 sciret
531 551 563 596 et
571 557 697 618 premere
707 537 848 614 habenas,
862 563 957 622 quum
973 544 1097 628 lubeat,

63 628 162 688 eidone
176 631 255 688 item
271 626 368 700 ioxas5
387 627 481 706 idque
492 639 567 686 certo
582 626 718 706 quodam
723 627 845 710 studere,
865 645 895 690 et
908 649 1014 713 pacto,
1034 659 1097 720 quo

64 716 157 775 AEolus
168 714 315 775 subditus
325 727 370 775 est
380 715 461 774 Jovi.
474 713 520 774 Ad
531 713 617 774 hunc
629 717 725 794 igitur
736 719 753 775 J
756 738 819 778 nno
833 723 959 780 accessit
970 726 1097 787 vocibus

66 803 323 885 supplicabunda.

97 893 143 951 65.
157 895 320 954 Orationis
332 890 424 972 hujus
434 893 544 973 petitio
555 890 620 959 haec
631 905 676 951 est
687 917 694 950 ;
708 897 846 968 concita,
857 898 957 974 AEole,
968 914 1100 986 tempes-

65 988 168 1053 tatem;
189 981 289 1040 obrue
309 977 458 1060 Trojanas
482 1000 604 1052 navem.
617 993 671 1038 aut
688 979 798 1040 saltem
818 981 953 1045 diversas
976 1009 1046 1070 age,
1066 1015 1102 1052 ac

65 1062 176 1144 disjice.
188 1068 245 1127 Est
258 1089 330 1128 vero
343 1066 457 1149 duplex
466 1070 546 1126 ratio
554 1089 562 1142 ;
571 1068 672 1148 prior,
685 1089 740 1127 cur
749 1070 814 1150 ipsa
825 1085 928 1150 petat3
940 1081 1102 1158 posterior,

65 1172 114 1210 cur
124 1155 190 1236 ipse
204 1154 317 1216 debeat
328 1155 438 1216 facere.
452 1157 521 1238 Ipsa
533 1158 625 1236 petit3
638 1177 712 1214 nam
723 1177 796 1236 gens
806 1159 934 1218 inimica
944 1162 1004 1220 sibi
1016 1169 1102 1226 navi·

65 1256 114 1322 gat
131 1265 234 1326 aequor
254 1243 465 1328 Tyrrhenum3
489 1259 595 1327 portat
618 1245 728 1321 ilium,
750 1259 780 1306 et
801 1247 897 1306 victos
919 1267 1047 1329 penates
1069 1257 1102 1314 iu

65 1331 188 1394 Italiam.
205 1338 274 1417 lpse
288 1335 505 1410 debettacere,
523 1355 597 1394 nam
609 1347 728 1418 potest,
744 1338 847 1416 utqui
864 1357 881 1395 a
896 1338 973 1398 Jove
984 1361 1103 1424 praepo·

66 1423 132 1482 situs
143 1426 185 1483 sit
197 1425 371 1486 mulcendis
382 1424 593 1506 tollendisque
604 1423 768 1484 fluctibus:
783 1425 837 1484 sed
850 1429 927 1507 quiav
942 1427 1008 1490 haec
1022 1436 1102 1493 ratio

68 1516 297 1591 tyrannicaest,
313 1517 379 1592 fac,
400 1536 471 1574 nam
488 1527 581 1594 potes,
600 1513 672 1573 ideo
688 1515 772 1573 Juno
790 1517 895 1572 omnia
912 1523 1103 1599 transponit,

66 1619 122 1658 non
136 1601 332 1683 conjungens
351 1601 434 1679 haec,
454 1599 553 1676 AEoie',
575 1603 670 1662 incute
686 1604 744 1661 vim
763 1604 866 1676 venos,
886 1615 945 1662 etc.
964 1605 1023 1664 Sed
1041 1611 1104 1690 pri·

66 1787 154 1840 fortem
166 1791 278 1856 timere,
290 1809 345 1842 non
357 1791 423 1857 sibi,
436 1790 484 1844 sed
493 1791 561 1843 lihe-

65 1873 96 1921 ris
103 1871 164 1920 suis.
172 1870 244 1922 Serv.
251 1871 455 1943 -',Timoremet
462 1883 560 1922 metum

65 1967 163 2021 nequeo
179 1970 279 2022 negare
297 1951 331 2002 ab
345 1951 499 2004 auctoribus
514 1969 560 2002 sae.-

64 2047 94 2098 pe
107 2029 256 2096 confundi,
270 2044 358 2082 tamen
372 2049 441 2101 saepe
455 2032 492 2081 ita
508 2030 559 2081 dis·

65 2110 246 2174 criminantur,
260 2122 288 2160 ut
299 2110 383 2174 timor,
394 2122 462 2162 teste
471 2109 559 2161 Tullio

64 2187 137 2240 Tusc.
150 2191 188 2240 tv
195 2227 204 2254 ,
218 2191 251 2241 sit
263 2189 296 2242 de
308 2189 378 2241 malo
388 2191 444 2260 jam
459 2207 560 2262 appro-

63 2275 208 2344 pinquante
220 2296 226 2324 :
240 2272 288 2324 sed
299 2285 381 2326 metus
394 2273 427 2325 de
441 2273 559 2344 periculo

65 2355 215 2404 remotiore.
228 2353 293 2404 {nde
306 2365 360 2420 est,
373 2366 403 2404 ut
417 2363 503 2404 metuo
517 2370 561 2402 sae-

64 2452 96 2503 pe
113 2433 250 2504 capiatur,
266 2450 316 2503 pro
333 2431 480 2503 provideo;
499 2449 561 2484 nam

65 2525 117 2564 tum
129 2513 206 2564 loeus
219 2523 259 2564 est
270 2511 461 2582 providentie,
480 2527 563 2581 quum

66 2594 219 2644 remotiores
236 2610 253 2643 a
270 2591 341 2642 malo
360 2608 467 2656 sumus,
489 2589 563 2660 quod

66 2672 98 2725 de
109 2673 191 2726 verbo
204 2673 282 2722 amco
292 2671 348 2724 dici
356 2672 459 2741 nequit.

99 2751 141 2804 63.
157 2752 195 2802 Et
210 2768 342 2822 premere,
358 2760 385 2800 et
402 2749 565 2816 laxaslsciret

66 2832 124 2883 dare
132 2835 219 2904 jtusus
233 2831 352 2888 ,habenas
369 2831 518 2882 Permansit
536 2831 563 2878 in

68 2912 257 2964 translatione:
272 2921 315 2974 ut,
332 2907 445 2958 «vinclis
462 2919 489 2958 et
503 2925 564 2957 car-

67 3009 124 3042 cere
135 2991 224 3040 frenat
234 3011 244 3033 n
255 2991 352 3058 :jussus
364 2998 452 3038 autern
465 2985 499 3034 oh
512 2983 564 3033 hoc

66 3071 170 3139 posuit,
185 3069 249 3138 quia
261 3085 309 3118 sno
322 3065 388 3116 nihil
402 3065 467 3114 facit
478 3065 565 3133 impe-

68 3153 115 3200 rio.
131 3149 202 3200 Nam
220 3147 284 3198 tolle
296 3147 363 3212 hoc,
378 3157 405 3196 et
422 3145 508 3212 major
526 3155 566 3194 est

69 3229 189 3280 omnihus
203 3225 271 3278 diis:
287 3229 309 3277 si
327 3224 362 3278 ad
378 3226 434 3293 ejus
445 3223 566 3274 volunta·

69 3321 121 3360 tem
139 3307 244 3378 possint
265 3305 396 3357 elementa
417 3301 565 3365 confundi,

67 3401 98 3440 ut
107 3392 162 3458 ipse
174 3386 283 3453 AEolus,
294 3383 381 3436 «Mihi
389 3386 464 3452 jussa
474 3400 565 3454 capes·

67 3487 128 3521 cere
139 3469 180 3518 ias
192 3478 240 3518 est.
252 3489 263 3511 »
278 3463 360 3514 Simul
372 3475 512 3516 ventorum
524 3480 565 3512 os-

605 1791 690 1861 possit
703 1802 828 1862 prestare
839 1791 885 1861 qui
896 1793 1010 1861 petitur3
1026 1807 1055 1846 ut
1070 1799 1104 1849 sit

605 1873 699 1942 petitio
711 1873 796 1940 justa,
811 1889 861 1922 uec
877 1871 937 1941 plus
955 1887 1001 1924 aut
1017 1878 1104 1928 minus

606 1969 686 2022 quam
698 1951 812 2015 debeat,
829 1963 918 2021 petat;
931 1967 961 2004 ut
972 1956 1006 2006 sit
1017 1961 1105 2026 possi-

604 2030 1102 2104 bilitas;utresjustasit,quaepetitur:

604 2122 634 2159 ut
650 2109 749 2161 habeat
767 2108 877 2160 modum
891 2113 1001 2180 petiti03
1018 2127 1047 2164 ut
1064 2132 1104 2166 se·

606 2201 703 2258 quatur
713 2185 899 2240 remuneratio,
911 2189 943 2240 Et
953 2191 1104 2260 sciendum,

606 2267 753 2318 secundum
773 2267 844 2318 hunc
871 2265 990 2320 ordinem
1015 2289 1105 2325 omnes

604 2350 747 2420 petitiones
768 2349 884 2400 formare
903 2349 1057 2422 Virgilium,
1076 2367 1106 2406 ut

605 2430 633 2478 in
650 2428 777 2480 hocloco
794 2427 957 2498 possibilitas
974 2443 1031 2481 est:
1049 2435 1104 2484 «Et

606 2508 723 2559 mulcere
742 2507 817 2558 dedit
836 2506 947 2573 fluctus,
968 2523 993 2561 et
1011 2511 1105 2565 tollere

605 2599 719 2639 ventos»
738 2589 815 2638 Justa
833 2588 928 2656 petitio
945 2601 992 2638 est:
1012 2613 1023 2635 a
1035 2591 1105 2642 Gens

606 2667 715 2724 inimica
732 2666 798 2718 mihi
816 2667 981 2737 Tyrrhenum
998 2672 1107 2742 navigat

609 2763 714 2814 aequor:
729 2762 827 2794 somne
841 2745 912 2794 enim
927 2745 1000 2813 quod
1012 2761 1107 2801 contra

608 2823 729 2874 inimicos
739 2823 868 2892 petimus,
877 2824 978 2890 justum
990 2837 1037 2876 est.
1048 2828 1108 2878 Mo-

609 2901 658 2952 dus
678 2913 717 2951 est
735 2901 892 2972 petitionis:
916 2925 927 2947 u
943 2905 1034 2962 Incute
1054 2909 1106 2960 vim

608 2982 709 3047 ventis,
721 2991 747 3030 et
759 2979 851 3050 disjice
863 2999 977 3052 corpora
989 2998 1082 3056 ponto.
1094 3012 1105 3034 n

607 3062 809 3114 Remuneratio:
823 3085 832 3108 u
843 3061 908 3114 Sunt
919 3063 984 3116 mihi
995 3065 1036 3117 bis
1047 3085 1109 3138 sep-

611 3155 663 3195 tem
672 3144 817 3212 praestanti,
825 3155 875 3194 etc.
885 3167 895 3190 n
907 3142 981 3195 Ordo
989 3147 1046 3214 ipse
1054 3161 1106 3202 est:

609 3222 700 3288 AEole,
721 3224 810 3276 incute
826 3223 879 3272 vim
898 3224 1004 3274 ventis:
1023 3237 1049 3276 et
1068 3241 1108 3278 est

609 3301 693 3374 figura
703 3301 876 3373 parenthesis.
885 3304 956 3352 Inter
966 3306 1108 3372 parenthes

611 3383 659 3432 sim
669 3394 695 3432 st
705 3381 824 3451 eclipsim
835 3380 888 3432 hoc
897 3381 1020 3445 interest;
1034 3389 1108 3456 quod

609 3458 775 3529 parenthesis
789 3470 841 3521 est,
857 3460 992 3528 quotiens,
1005 3481 1107 3520 remota

67 3545 185 3598 tenditur
203 3545 259 3609 vis,
280 3543 376 3612 quibus
399 3560 495 3613 parum
515 3541 567 3592 init
611 3538 644 3590 de
663 3536 751 3588 medio
768 3539 914 3602 sementia,
930 3539 1032 3612 integer
1043 3535 1107 3616 ⁴penu

66 3626 213 3695 superponi
227 3635 359 3685 montem,
374 3623 426 3672 uisi
440 3633 467 3672 et
478 3639 567 3691 regem
612 3616 690 3668 durat
703 3633 797 3668 sermo.
809 3616 917 3690 Plenum
927 3637 1041 3691 namque
1051 3639 1107 3680 est:

67 3705 236 3773 acciperent,
256 3703 303 3772 qui
315 3703 371 3770 ipse
384 3718 492 3770 quoque
505 3699 568 3751 alie·
616 3695 725 3762 uAEole,
737 3696 825 3748 incute
835 3697 887 3748 vim
896 3701 988 3753 ventis.
999 3723 1011 3746 n
1021 3705 1109 3776 Ecdip-

65 3802 106 3839 no
117 3795 222 3854 pareret
235 3782 358 3852 imperio.
371 3781 440 3832 Serv.
613 3777 648 3828 sis
668 3786 756 3828 autem
774 3787 829 3840 est,
848 3778 987 3846 quotiens,
1002 3787 1109 3836 remotis

105 3864 146 3918 65.
169 3862 255 3915 AEote.
282 3861 454 3913 Rhetoricum
477 3870 517 3910 est
541 3859 570 3908 in
613 3856 786 3925 interpositis,
794 3854 868 3908 deest
877 3847 994 3926 aliquid,
1007 3861 1057 3912 oiri
1067 3865 1110 3914 rei

66 3949 140 3997 omni
154 3946 284 4018 petitione
300 3941 352 3997 hoc
368 3941 527 4002 observare3
540 3951 571 3990 ut
615 3935 739 4000 iustitium
760 3949 790 4012 ut
812 3950 874 3992 esta
898 3961 909 3984 a
923 3938 997 4003 Quos
1020 3933 1105 4013 egoi-r

139 4035 164 4086 6.
919 4039 1018 4076 o*
