2644 4614
195 305 258 387 452
455 367 459 376 ,
522 263 905 368 couunumrtrs

233 428 301 510 445.
321 427 384 486 lsto
405 419 576 482 verborum
595 436 779 505 contemptu
798 426 873 486 arsit
893 427 986 486 Furia
1009 427 1093 487 ultra
1119 451 1245 492 omnem

192 519 341 584 modum:
355 533 391 573 ac
405 512 509 572 statim
521 509 650 572 effectus
662 515 808 592 apparuit
822 515 854 572 in
868 515 993 590 Turno,
1008 529 1079 576 tum
1094 531 1164 578 toto
1177 542 1243 580 cor·

192 627 287 692 pore:
307 625 378 664 nam
393 615 511 664 tremor
522 614 606 660 artus
619 621 727 662 omnes
739 605 919 684 occupavit3
939 619 1008 665 tum
1020 611 1199 689 praesertim
1213 613 1240 669 io

192 697 304 770 oculis,
318 692 494 774 quistatim
507 690 673 772 diriguere.
687 692 806 766 Oranti,
821 705 880 768 est,
899 693 1059 776 loquenti,
1076 719 1163 774 non,
1178 721 1242 780 sup

191 783 335 870 plicanti.
351 782 474 861 Pergit:
496 793 538 840 tot
548 781 680 861 Erinnys
691 777 789 841 sibilat
802 780 918 863 hydris:
939 787 1028 864 quasi
1041 786 1149 846 dicat:
1172 787 1243 868 quid

190 879 321 949 mirum,
337 873 364 931 si
378 869 431 930 ille
446 869 575 930 artubus
586 881 747 946 tremeret,
759 873 924 951 rigesceret
937 875 1052 950 oculis,
1068 897 1173 956 quum
1186 899 1242 936 cer-

189 975 279 1026 neret
296 979 404 1021 omnes
423 959 614 1039 serpentium
633 956 736 1018 hiatus
756 979 829 1018 cum
850 958 945 1020 sibilo
965 976 1123 1038 arrectos;
1148 987 1241 1046 quum

189 1063 327 1116 cerneret
345 1047 458 1108 faciem
477 1048 577 1106 Furiae
596 1045 737 1128 deposita
754 1046 831 1108 anili
849 1047 950 1108 forma
965 1065 1197 1112 excrescentem
1213 1055 1242 1112 in

188 1145 349 1223 ingentem
361 1134 633 1216 magnitudinem?
644 1135 703 1196 hoc
716 1150 762 1197 est
773 1138 873 1212 enirn,
887 1151 1026 1221 tantaque
1036 1161 1066 1200 se
1070 1141 1174 1224 facies
1182 1163 1243 1223 ape-

188 1234 242 1306 rit,-
254 1230 315 1288 nisi
325 1227 396 1308 quis
407 1223 484 1284 velit
497 1245 560 1284 esse
573 1223 815 1306 explicationem
828 1228 1017 1308 superioris;
1031 1227 1065 1288 id
1078 1244 1205 1305 est„tot
1216 1251 1242 1290 se

189 1319 365 1402 hydrorum
383 1312 479 1373 facies
494 1325 699 1395 aperuerunt,
718 1328 750 1374 et
769 1317 963 1396 serpentium
982 1313 1089 1376 hiatus
1111 1331 1244 1378 ostenta-

188 1422 274 1470 runt.
286 1400 483 1466 Accedebant
495 1403 595 1478 oculi,
616 1405 670 1484 qui
683 1405 742 1462 toti
757 1402 908 1478 flammei,
923 1406 1042 1486 quique
1056 1427 1126 1468 non
1141 1429 1242 1470 cerne-

187 1499 276 1572 bant,
283 1495 335 1555 sed
344 1492 448 1552 verius
455 1491 647 1573 torquebant
654 1493 770 1572 ignitos
779 1491 894 1566 radios,
905 1494 1006 1574 ignita
1013 1492 1152 1555 lumina.
1163 1497 1244 1577 Ergo

187 1598 387 1656 cunctantem,
407 1581 439 1640 id
455 1596 514 1656 est,
533 1603 564 1642 se
580 1601 644 1662 prae
660 1596 746 1640 metu
760 1583 985 1662 impedientem
997 1585 1095 1643 Furia
1111 1583 1241 1666 repulit,

186 1694 244 1738 nec
256 1673 330 1734 sivit
341 1669 432 1752 plura
442 1666 530 1749 loqui
543 1691 549 1726 ι
566 1682 659 1751 atque
670 1671 704 1729 in
715 1668 806 1728 illum
817 1691 935 1750 angues
948 1671 1028 1730 duos
1041 1674 1187 1753 exspuit3
1200 1675 1243 1730 in·

186 1758 422 1830 sonuisset-tera,
433 1756 538 1816 locuta
550 1770 595 1816 est
602 1778 674 1817 cum
685 1759 780 1820 rabie.
790 1761 940 1818 lovianus
950 1760 985 1818 in
995 1761 1156 1834 Antonio,
1166 1760 1246 1828 illud¹

187 1851 226 1909 de
250 1845 405 1926 anguibus
426 1845 470 1904 ita
492 1844 657 1925 expendit3
684 1861 716 1908 ut
735 1847 922 1930 subrigantur
942 1847 1063 1928 quidem
1087 1846 1242 1930 legentium

186 1938 295 2009 animi,
307 1935 417 2020 quoties
428 1935 521 1992 crines
536 1932 582 1992 itti
594 1938 751 2016 sanguinei
764 1936 974 2018 subriguntur.-

226 2024 295 2100 452.
308 2024 446 2104 Usurpat
456 2019 551 2080 verba
563 2024 660 2082 Turni
674 2025 713 2084 ad
726 2027 860 2106 majores
871 2029 948 2100 iras3
964 2025 1001 2086 fit
1013 2028 1101 2086 enim
1115 2041 1152 2088 ut
1162 2049 1243 2110 repe-

187 2116 243 2174 tita
256 2109 449 2180 contumelia
461 2109 659 2172 recrudescat
669 2114 859 2193 indignatio.
869 2115 977 2195 Egone
989 2134 1071 2174 anus
1084 2130 1243 2175 senectute

187 2202 304 2280 obsita,
319 2200 632 2284 squallore'perlusa‚
645 2224 662 2262 a
674 2223 748 2262 vero
764 2202 916 2278 delirans,
935 2201 1153 2264 formidolosa
1167 2206 1243 2264 inter

187 2298 307 2374 Regum
322 2313 423 2366 arma,
435 2305 467 2350 et
477 2291 571 2372 plena
582 2289 817 2352 ludibriorum?
826 2293 910 2352 Senti
917 2288 984 2370 jam
995 2304 1027 2351 et
1036 2294 1195 2373 experire,
1206 2314 1242 2350 an

187 2404 294 2444 verum
308 2381 386 2442 hoc:
401 2401 464 2441 una
477 2402 545 2440 sum
557 2384 740 2457 Furiarum,
755 2380 794 2442 ab
804 2379 931 2440 illarum
942 2379 1016 2441 sede
1027 2383 1151 2456 excita3
1164 2380 1242 2444 bella

187 2475 219 2533 in
234 2489 347 2544 manu,
360 2485 391 2530 et
403 2484 537 2530 mortem
550 2493 638 2552 gero.
1129 2533 1134 2540 .

226 2559 295 2635 456.
311 2561 370 2618 Vix
381 2558 449 2618 haec
462 2558 596 2635 dixerat,
612 2582 710 2644 quum
723 2560 825 2623 facem
837 2558 885 2620 illi
895 2557 1025 2639 injecit,
1037 2562 1090 2619 cui
1102 2559 1171 2621 faci
1181 2549 1242 2620 ine·

188 2664 237 2710 rat
248 2649 356 2708 lumen
371 2661 503 2712 atruma
518 2646 619 2710 fumo.
704 2677 709 2686 ·

224 2820 284 2888 451.
312 2817 472 2890 Verberaque
495 2819 617 2871 insonuit.
640 2820 690 2882 Pro
736 2829 779 2868 tra
799 2815 882 2884 illud,
908 2815 1003 2868 «bella
1022 2817 1075 2868 viri
1093 2835 1245 2888 pacemque

190 2897 344 2952 verberibus
366 2899 499 2962 insonuit,
521 2897 549 2948 id
568 2910 622 2964 est,
643 2917 692 2969 per
736 2897 970 2970 gerantsDonat.

191 2977 340 3032 verberati
354 3005 388 3015 -—
398 2976 426 3031 V
422 2977 557 3050 erberaque
567 2978 690 3030 insonuit.
772 2977 832 3044 456.
843 2977 936 3028 Facem
939 2975 1036 3050 juveni
1044 2977 1166 3049 conjecit,
1176 2976 1243 3028 Satis

191 3059 265 3110 Nove
279 3056 396 3108 dictum:
410 3054 479 3106 Scal.
493 3056 537 3122 IV,
553 3057 592 3108 16.
606 3056 691 3108 Note·
737 3056 904 3109 considerate
913 3057 1002 3109 facem
1007 3057 1103 3126 juveni
1114 3058 1243 3125 conjecit,

141 3181 145 3190 .
191 3152 234 3190 tur
246 3151 335 3190 autem
351 3154 394 3188 ars
408 3147 494 3206 poeta
509 3153 625 3201 summa,
644 3137 691 3207 qui
737 3155 796 3208 quae
810 3137 864 3188 cito
877 3134 1028 3187 exardescit
1037 3147 1065 3186 et
1077 3133 1188 3186 desinit.
1200 3135 1245 3186 Su·

190 3219 246 3271 haec
260 3219 299 3270 ita
312 3215 468 3286 descripsit,
480 3228 510 3266 ut
524 3214 622 3286 legenti
635 3219 691 3268 ani·
735 3234 786 3286 pra
796 3233 875 3280 vero,
895 3217 998 3266 Amatae
1010 3224 1168 3284 serpentem
1179 3215 1244 3282 inje·
1304 3213 1305 3246 ³

191 3317 262 3350 mum
275 3309 301 3349 et
313 3294 425 3366 capillos
438 3293 592 3346 horrescere
605 3294 693 3346 credi·
736 3296 791 3346 cit:
814 3293 888 3365 quod
908 3295 936 3344 in
955 3291 1115 3344 mulieribus
1137 3311 1245 3364 semper
1304 3297 1305 3304 ’

194 3377 273 3429 deris.
288 3377 397 3426 Taubm.
408 3373 547 3426 -Rabido
557 3393 614 3426 ore:
628 3374 691 3428 hinc
735 3371 1244 3446 rigetvenenum.Serv.—Alluditlu·

193 3475 250 3527 qnae
261 3457 355 3507 futura
368 3457 402 3506 sit
414 3456 499 3506 oratio
513 3457 632 3524 conjicis.
736 3455 838 3508 venalis
851 3453 886 3507 ad
902 3453 960 3505 heo
974 3454 1095 3505 Maronis
1111 3453 1168 3504 Sat.
1182 3455 1244 3516 Vll,
1304 3509 1305 3514 g

226 3535 338 3602 ibo-En
347 3553 393 3606 epo
402 3535 535 3586 vietasitu.
548 3536 625 3605 Pejus
636 3554 691 3587 nott
736 3537 785 3602 68,
810 3533 919 3605 «qualis
939 3530 1070 3584 Rutulum
1090 3533 1246 3584 confundat
1304 3575 1305 3596 2

191 3617 279 3686 potuit
285 3615 426 3686 objurgare
432 3627 603 3680 metuentem,
611 3634 691 3686 quam
735 3615 862 3686 Erinnys,
878 3615 948 3665 Nam
961 3615 983 3663 si
994 3611 1109 3683 Virgilio
1120 3632 1209 3684 puer,
1220 3626 1246 3664 et
1304 3609 1305 3648 l

191 3696 218 3746 in
231 3693 305 3744 illum
318 3711 453 3764 regerere,
464 3712 522 3763 quse
532 3695 689 3765 protulerat.
735 3693 875 3760 tolerabile
888 3692 957 3744 desit
970 3693 1141 3762 Hospitium,
1163 3692 1245 3744 cade·

190 3775 286 3824 Donat.
300 3773 451 3824 -Acerba
474 3776 612 3843 repetitio,
632 3793 690 3845 qnae
735 3771 1243 3843 rentomnesacrinibushydri-Eram.
1304 3783 1305 3834 4

189 3853 326 3906 rhetorum
334 3848 686 3923 filiismimesisappellatur‚
767 3854 827 3922 457.
847 3852 982 3903 Fumantis
996 3851 1075 3903 tedas
1095 3853 1181 3919 Asida:
1198 3854 1243 3918 40-
1304 3843 1305 3914 4

191 3930 276 4002 qualis
289 3939 329 3979 est
345 3927 400 3978 AEn.
414 3931 458 3994 lv,
471 3932 531 4000 377.
544 3934 641 3982 Emm.-
731 3927 836 3988 tulerat.
851 3961 886 3972 -—
898 3931 949 3984 Sub
963 3941 1077 4002 pectore.
1095 3931 1150 3985 Ubi
1168 3931 1243 3984 fellis
1304 3921 1305 4002 4

225 4008 286 4079 455.
297 4004 370 4060 Bella
378 4025 458 4061 mana
466 4007 605 4080 letumque.
616 4009 686 4062 Gon·
731 4009 806 4064 locus
819 4023 872 4077 est,
884 4009 912 4064 id
926 4021 981 4075 est,
995 4009 1153 4066 iracundie.
1167 4012 1242 4066 Sen-
1304 4003 1305 4024 ¹
