2692 4594
239 343 300 408 η.
563 313 942 380 concussurum

273 444 322 501 62.
334 441 412 499 Ante
420 437 540 498 abitum
551 437 696 499 conditur
706 439 763 498 rite
776 438 958 519 Polydorus.
970 437 1078 519 Itaque
1087 440 1276 502 instauratur

235 528 280 588 ilii
290 528 399 599 funus,
411 527 512 601 idest,
525 540 715 586 renovantur
726 526 891 602 funeralis,
901 540 932 586 ct
942 524 980 586 de
988 545 1072 585 noro
1084 529 1277 588 constituun-

235 632 300 691 tur,
315 630 349 676 ut
367 616 462 690 bene,
483 629 562 676 etex
583 619 644 676 ritu
662 616 829 690 condatur,
849 617 902 696 qui
922 614 1003 675 maie
1024 629 1053 676 et
1069 617 1276 678 tumultuario
1325 693 1326 702 ¹

235 727 328 787 opere
350 705 496 766 conditus
515 705 625 766 fuerat.
644 707 701 768 sed
724 726 793 788 quas
814 706 1007 766 ceremoniae
1029 703 1124 806 hujus
1147 705 1279 768 funeris?
1325 705 1326 780 i

235 797 342 855 Pramo
356 799 504 878 opperitur
517 795 657 858 tumulo
645 814 747 878 99999
762 793 866 856 telius.-
859 809 993 875 ·utquo
1010 795 1110 876 major
1125 810 1218 856 oerroe
1235 816 1280 855 co·
1325 795 1326 808 ¹

234 884 301 964 pia,
312 895 341 941 et
350 883 476 943 densior
482 899 634 966 aggestio,
647 905 683 944 eo
696 885 792 944 tutius
804 886 843 944 sit
852 883 999 944 cadaver:
1012 881 1126 942 deinde
1137 897 1284 944 urrcstant

235 971 392 1045 Manibus,
411 972 442 1030 id
461 987 518 1047 est,
538 986 717 1034 statuuntur
731 995 796 1034 aras
806 976 839 1032 in
859 972 1012 1055 honorent
1028 973 1174 1032 Manium
1192 955 1326 1056 Poly-i

236 1059 323 1134 dori3
345 1076 375 1120 et
395 1083 455 1124 arae
477 1063 603 1144 quidem
623 1080 697 1124 tum
710 1065 793 1124 vittis
814 1047 936 1124 caerulei
957 1061 1071 1123 coloris
1093 1065 1283 1144 cinguntur,
1325 1083 1326 1124 3

236 1146 505 1231 adornanturque3
517 1163 584 1211 turn
593 1155 686 1212 ctiam
696 1172 850 1234 cupresso,
862 1168 930 1232 quae
938 1148 1033 1210 arbor
1045 1164 1110 1210 atra
1118 1165 1178 1224 est,
1190 1150 1285 1225 idest,

235 1236 357 1297 funesta
368 1239 632 1300 acferaiis.Tcrtio
644 1241 756 1302 adsunt
764 1239 889 1315 199699,
900 1259 970 1320 quae
978 1252 1138 1298 mortuum
1146 1238 1284 1319 lugeant,

235 1337 267 1384 et
278 1325 340 1386 ilias
354 1348 389 1386 ex
403 1347 491 1387 more
504 1328 613 1388 solutis
626 1331 733 1388 comis.
745 1331 817 1388 Post
831 1327 915 1387 9999
928 1339 1072 1385 ornatum
1086 1341 1183 1407 atque
1195 1348 1286 1408 appa·

236 1427 340 1474 ratum
362 1413 445 1475 fiunt
462 1415 527 1496 jaan
546 1419 657 1498 quarto
681 1419 817 1492 inferire,
838 1430 867 1476 et
889 1416 960 1474 ideo
980 1417 1099 1496 signate
1122 1417 1284 1500 inferimus.

237 1505 429 1565 Constabant
443 1508 509 1567 istae
523 1507 641 1568 inferiae
653 1522 722 1567 tum
734 1509 847 1567 recenti
861 1505 955 1578 lacte,
969 1518 999 1564 et
1011 1525 1113 1588 nuper
1127 1527 1283 1588 express03

236 1607 305 1653 urm
315 1596 406 1654 etiarn
416 1599 567 1680 sanguine
576 1610 777 1658 mactatarum
788 1595 976 1669 hostiarum,
986 1613 1054 1675 quae
1066 1595 1131 1654 duo
1144 1596 1178 1653 in
1188 1594 1284 1655 hono·
1326 1655 1327 1660 ,

236 1701 302 1742 rem
312 1683 449 1746 defuncti
461 1687 690 1762 inferebantur,
702 1688 733 1746 id
747 1699 805 1760 est,
819 1685 1072 1744 effundebantur.
1083 1686 1218 1761 Quinto,
1228 1683 1283 1744 hoc

237 1773 320 1832 facto
338 1775 441 1835 anima
459 1775 629 1858 putabatur
644 1775 709 1856 jam
732 1777 789 1833 rire
810 1791 875 1832 esse
894 1773 1042 1832 condita:
1063 1772 1134 1832 ideo
1150 1775 1284 1853 signate,

237 1865 424 1945 animumque
434 1863 564 1946 sepuimn
575 1865 751 1926 Condimus:
765 1864 852 1944 quasi
865 1879 1010 1920 unacum
1023 1862 1102 1920 lacte
1111 1875 1140 1920 et
1156 1864 1231 1920 vino
1242 1863 1285 1920 iu·

236 1949 313 2010 fusis
331 1953 364 2010 in
376 1953 576 2033 sepulcralem
591 1953 705 2012 fossam
719 1953 841 2010 animus
863 1969 989 2029 quoque
999 1950 1085 2029 prius
1098 1969 1232 2028 vagans,
1249 1969 1283 2007 eo

238 2041 436 2123 adigi,atque
448 2041 565 2102 includi
579 2055 748 2122 putaretur.
761 2041 850 2099 Serto
864 2039 898 2097 iit
913 2037 1057 2096 discessio
1067 2037 1130 2096 iilis
1145 2038 1281 2110 vocibus,

236 2131 412 2212 7999999,
425 2129 607 2205 99199999
620 2130 843 2202 hocemmest,
856 2147 964 2222 99999
977 2143 1285 2208 supremumsoceuo

236 2241 317 2293 mus3
310 2221 362 2279 ·id
379 2235 436 2297 est,
448 2241 679 2280 commovemus
693 2223 921 2298 excitemusque
935 2235 1042 2274 omnes
1057 2215 1152 2275 simul
1168 2219 1285 2296 magnis

235 2311 366 2370 vocibus
381 2325 559 2392 supremum
575 2311 651 2370 vale.
667 2311 772 2392 Aliqui
786 2307 836 2368 h'ic
851 2305 1024 2388 inteliigent
1037 2305 1184 2366 voculam
1201 2303 1284 2377 incer,
1327 2314 1328 2376 i

237 2399 276 2458 69
290 2420 352 2479 qua
367 2398 452 2460 aiibi

276 2489 326 2566 69.
342 2487 422 2546 Uiti'
411 2506 475 2569 jam
490 2487 663 2568 tranquillo
679 2484 793 2568 pelago
809 2484 885 2545 fides
901 2483 968 2544 dari
989 2485 1110 2564 potuit,
1131 2480 1222 2562 cujus
1244 2481 1284 2541 rei
1327 2509 1328 2516 ι

238 2575 393 2656 dupiex
370 2596 512 2660 signum:
531 2579 690 2659 primum,
707 2589 736 2636 et
751 2577 849 2635 marie
863 2573 1080 2658 9999199999,-
1096 2571 1285 2631 cessantibus

239 2664 378 2726 hibernis
389 2670 503 2742 rentis3
519 2669 667 2741 aiterum,
685 2669 847 2740 Austrum,
861 2667 914 2746 qui
934 2665 1016 2723 lenis·
1030 2675 1090 2736 est,-
1106 2663 1286 2722 inviterisse

238 2775 295 2814 nos
309 2757 396 2814 suavi
410 2755 547 2836 quodam
562 2755 656 2830 flatu3
669 2775 734 2814 non
748 2753 808 2813 hoc
821 2767 864 2812 est
877 2755 1020 2834 crepitans
1033 2775 1042 2808 .·
1055 2750 1128 2824 ubi,
1141 2751 1286 2830 inquam,
1327 2809 1328 2838 7

238 2837 482 2926 9999999999
497 2846 622 2906 fides-ad
636 2845 848 2925 navigandum
866 2853 988 2925 decepta
1000 2847 1060 2916 est,
1075 2842 1151 2900 socii
1167 2861 1287 2901 navesc

205 2962 207 2968 v
238 2935 316 2994 sicco
332 2935 370 2994 96
383 2949 509 3016 portum
524 2935 699 3008 deducunt,
714 2947 744 2992 er
754 2931 916 2992 Thraciam
933 2931 1116 3012 iinquinsus.

277 3025 325 3105 73.
348 3025 448 3084 AEneae
465 3033 569 3084 cursus
583 3025 651 3082 'fuit
668 3044 684 3082 e
699 3021 828 3083 Thracia
841 3023 873 3082 in
888 3021 1001 3082 Delum
1020 3017 1175 3088 insulam,
1195 3036 1288 3098 quam

237 3115 332 3172 Poeta
347 3131 412 3172 non
425 3119 594 3174 nominans
607 3114 650 3170 ita
664 3111 810 3172 describit
830 3131 885 3194 per
900 3105 1003 3172 virsus
1022 3110 1178 3191 quinque,
1198 3122 1235 3166 ut
1256 3127 1289 3166 ea

238 3255 298 3310 dat.
292 3276 372 3310 nam
383 3269 408 3309 et
419 3275 475 3326 eJus
485 3257 581 3308 marito
591 3257 688 3322 frater
697 3275 740 3309 au·
784 3271 855 3312 unos
867 3269 982 3310 constat
994 3255 1066 3306 Fecit
1079 3264 1170 3304 autern
1181 3249 1289 3302 99999-

239 3339 262 3387 ri
276 3356 370 3388 caussa
383 3338 470 3387 intulit
483 3354 584 3412 necem
595 3337 664 3388 Serv.
784 3339 893 3409 proprie
904 3339 930 3388 in
942 3335 1034 3387 decem
1043 3328 1174 3384 versibus.
1184 3331 1254 3385 Serv.

277 3415 320 3466 65.
336 3409 437 3466 crinem
449 3415 481 3465 de
492 3431 569 3464 more
584 3415 637 3466 Aut
647 3415 742 3467 demo·
799 3425 863 3486 ‘7a.
879 3417 1013 3486 Terraeque
1024 3409 1147 3482 urbesque
1159 3408 1288 3460 recedunt

241 3505 423 3563 regemunt
436 3495 740 3566 etramruAEgyptoest.
785 3495 922 3568 Phyrrum
935 3509 991 3546 rem
1004 3489 1292 3543 darithocemmne·

243 3581 288 3621 aut
310 3583 381 3622 certe
401 3571 434 3622 de
453 3591 527 3628 more
548 3573 739 3646 piangentium.
785 3574 937 3648 rigantibus
959 3572 1081 3634 videtur,
1102 3569 1193 3638 quasi
1191 3567 1233 3618 ab
1249 3565 1290 3616 his

242 3650 307 3700 Erat
318 3648 362 3698 hic
373 3648 480 3704 habitus
493 3652 611 3705 flentium
621 3657 742 3707 immina
786 3665 857 3706 terra
864 3652 994 3706 discedat
1003 3649 1078 3701 lieno
1087 3648 1245 3718 opinionem
1254 3657 1291 3695 at·

243 3744 310 3780 rum.
321 3731 399 3782 aune
407 3732 485 3784 ritum
494 3733 619 3806 exemplis
629 3735 743 3787 illustra
786 3735 864 3806 tingit
879 3732 1002 3785 Cicero
994 3751 1022 3782 m
1042 3726 1174 3789 assutam
1198 3723 1291 3778 eodem

243 3811 282 3860 rit
293 3807 466 3863 Kirchmann.
480 3813 516 3865 de
525 3815 673 3868 Funeribus
686 3818 742 3868 Ro·
788 3817 875 3865 atttem
887 3812 971 3865 verbo
979 3811 1062 3862 utitur
1069 3805 1151 3860 Ovrd
1164 3805 1229 3858 Met.
1241 3805 1290 3868 Xi,

243 3904 400 3957 manorum,
412 3881 510 3968 tib31'1,
524 3913 563 3948 ια.
787 3887 853 3960 466·
869 3893 936 3945 «obi
951 3905 1020 3945 terra
1033 3899 1144 3942 recessit
1157 3886 1290 3958 Longius,

279 3985 321 4040 70.
339 3969 413 4024 Lenis
429 3974 554 4044 crepitans
572 3985 663 4028 auster.
682 3977 742 4027 Duo
788 3983 869 4044 atque
889 3971 960 4024 oculi
976 3979 1113 4040 nequeunt
1128 3981 1291 4039 cognoscere

241 4049 361 4126 epitheta
369 4051 460 4122 posuit
470 4055 575 4121 vitiose,
583 4065 613 4106 ut
620 4051 744 4124 apudLa·
787 4052 883 4106 vultus.
894 4041 1290 4112 s-videOvi'd.Met.vl‚512.
