2644 4614
277 316 328 380 ru
353 313 589 380 nueroos
612 315 705 380 ura.
730 317 840 382 vin.
1017 325 1082 413 479

33 433 166 495 illorum
179 456 242 498 esse
256 441 381 499 AEueum
388 483 397 512 ,
413 437 514 498 filium
527 457 639 519 nempe
654 441 797 514 Veneris,
813 459 906 521 quarn
918 439 1084 507 Diomedes

34 524 105 604 ipse
118 525 349 600 vulneraverat3
364 527 513 588 aduectum
525 525 626 603 classi,
640 541 674 588 ut
686 529 730 588 ita
744 527 844 610 major
856 529 994 590 formido
1006 533 1084 594 Dio·

35 613 161 675 medem
175 617 320 676 invadat:
336 621 451 700 quippe
461 639 507 678 res
519 619 638 699 geritur
647 638 718 678 curn
730 615 819 678 hoste
830 623 953 680 munito
965 622 1089 684 classia-

32 702 92 760 riis
106 702 275 763 militibus:
294 702 407 764 deinde
421 703 529 764 doceat
539 707 679 780 Penates,
698 708 819 765 tametsi
835 710 923 768 victos
936 707 1024 787 illos,
1040 715 1085 772 in-

25 791 108 874 ferri
119 813 263 874 quoque;
283 794 414 854 verbum
431 793 608 870 funestum,
627 810 658 855 et
673 797 869 871 ominosum;
888 817 928 857 ne
943 799 1087 861 videlicet

32 891 165 958 putetur
183 901 230 940 res
252 894 366 942 temere
387 883 455 962 agi,
477 880 531 940 sed
549 901 621 941 cum
640 883 779 964 auspicio
798 885 953 960 Deorum,
976 885 1087 969 hisque

33 970 252 1048 praeeuutibus
262 992 269 1028 ε
281 983 327 1044 et,
342 969 427 1050 quod
438 968 622 1028 invidiosius
633 969 734 1030 adhuc
742 973 832 1054 ,fatis
841 975 948 1054 Repem
957 995 986 1032 se
995 975 1088 1036 dicere

32 1061 119 1138 posci
125 1083 136 1133 ‚·
146 1062 234 1142 quasi
244 1060 359 1132 velint,
371 1081 437 1120 non
446 1071 549 1119 tutum
562 1079 624 1120 esse
634 1060 667 1118 in
677 1061 766 1120 Italia
775 1061 956 1122 Diomedem
967 1109 976 1140 ,
989 1087 1087 1146 quum

33 1143 103 1205 fata
113 1148 226 1228 Regem
240 1147 337 1206 alium
350 1146 514 1207 videantur
526 1167 661 1228 poscere.
676 1150 783 1228 Neque
794 1169 868 1208 vero
880 1161 1001 1210 tantum
1014 1155 1089 1212 Tro·
1165 1209 1170 1226 ,

31 1231 114 1314 jano
131 1233 230 1296 milite
247 1237 355 1296 AEneas
373 1237 531 1312 munitur,
552 1233 718 1316 religione,
741 1249 795 1296 aut
812 1235 901 1296 latis:
924 1239 1085 1300 sedetiam

35 1321 202 1406 multasque
212 1327 275 1384 viro
286 1346 315 1384 se
325 1321 482 1406 aalJ'unqere
492 1337 590 1406 pentes
600 1324 768 1398 Dardanio,
786 1338 815 1384 et
828 1323 884 1384 late
895 1327 980 1387 latio
994 1329 1088 1388 incre·
1160 1317 1164 1326 ¹

37 1411 164 1472 brescere
179 1433 296 1472 nomen.
325 1413 439 1472 Natum
458 1411 517 1471 boc
534 1410 571 1470 ad
590 1431 737 1492 magnam
756 1410 976 1490 formidinem,
999 1416 1087 1495 quasi

34 1502 109 1562 Itali
124 1521 154 1562 se
168 1501 357 1583 adjungant,
376 1520 443 1560 non
461 1514 526 1560 tarn
539 1503 641 1560 AEneae
652 1501 805 1581 Trojano,
823 1522 916 1582 quam
934 1505 996 1562 vim
1012 1506 1087 1564 Dau-

34 1591 130 1651 danic
137 1590 300 1665 ‚·videlicet
308 1602 505 1671 agnoscentes
513 1604 584 1672 post
594 1589 691 1671 longa
700 1591 811 1652 saecula
822 1592 1087 1672 primpsDardani
1137 1613 1140 1624 ‘

37 1693 146 1755 ortus,
160 1682 215 1762 qui
229 1679 289 1740 fuit
301 1679 413 1755 ltalus3
428 1693 521 1763 atque
532 1684 574 1741 ita
587 1681 684 1740 velint
695 1702 731 1742 ex
744 1702 799 1742 suo
813 1682 944 1742 seminia
957 1685 1088 1764 Regem,

36 1788 108 1828 non
123 1768 265 1827 Graecum
280 1767 434 1849 aliquem,
449 1781 479 1828 et
493 1784 663 1829 externum.

83 1855 129 1918 15.
149 1857 194 1918 Ab
208 1855 256 1919 his
272 1858 363 1918 rebus
374 1859 503 1934 volunt,
523 1857 697 1920 consideret
710 1859 894 1934 Diomedes,
916 1880 1010 1941 quam
1027 1861 1089 1920 sint

36 1951 75 2008 in
89 1960 174 2008 arcto
188 1968 244 2009 res.
259 1951 326 2010 Hoc
338 1951 424 2008 enim
437 1951 497 2031 ipsi
514 1951 572 2010 erit
584 1947 808 2026 manisfestius,
828 1964 864 2010 ut
878 1951 932 2031 qui
948 1949 1003 2010 diu
1017 1971 1089 2010 cum
1191 1941 1195 1952 ’

36 2037 184 2118 Trojauis
203 2041 373 2121 pugnavit,
398 2062 492 2122 quam
510 2043 635 2116 Turno,
657 2052 712 2100 aut
729 2042 853 2102 Latino.
875 2043 954 2100 Nam
972 2054 1089 2101 certum

36 2138 102 2200 est,
117 2125 193 2206 quid
205 2128 313 2187 AEneas
326 2125 371 2187 lu's
384 2131 481 2210 coeptis
492 2141 585 2189 struat
590 2153 601 2202 ;
613 2149 699 2208 quem
710 2129 812 2208 cupiat
823 2148 880 2186 esse
889 2148 997 2208 pupnoe
1007 2149 1089 2187 even-

38 2227 105 2276 tum
112 2257 121 2286 ,
133 2214 287 2294 aspirante
296 2213 425 2274 fortuna
438 2238 444 2272 :
461 2236 527 2275 non
539 2214 678 2296 prolecto
689 2212 804 2286 alium,
817 2234 912 2293 quam
924 2214 981 2272 toti
992 2211 1089 2274 ltaliae
1175 2222 1177 2226 ’

36 2301 215 2374 dominari,
234 2320 269 2358 ac
286 2299 419 2380 proinde
435 2321 492 2360 nec
510 2299 696 2360 Diomedem
717 2311 820 2358 tutum
835 2319 897 2358 esse
915 2299 948 2358 in
967 2298 1089 2379 Apulia.

36 2393 119 2454 Sunt
133 2391 199 2448 istae
212 2387 351 2449 honestae
364 2387 506 2469 quaedam
522 2391 632 2462 minae,
654 2405 689 2448 ut
703 2409 772 2469 quae
786 2401 889 2449 tectae:
910 2388 973 2448 vidi
986 2390 1090 2470 saepis·

38 2485 119 2545 sime
138 2481 171 2538 in
189 2479 288 2560 poetis
307 2477 422 2538 multos
443 2477 618 2560 legatorum
640 2497 813 2552 sermones,
835 2480 869 2538 in
888 2476 1003 2562 quibus
1022 2477 1089 2539 fuse

37 2566 158 2642 multa,
171 2563 273 2626 etfere
282 2564 321 2624 ad
332 2585 395 2625 rem
408 2563 488 2624 nihil
499 2588 506 2624 ε
522 2566 556 2624 in
566 2564 740 2645 Virgiliana
750 2564 808 2626 hac
817 2565 972 2647 legatione
982 2569 1089 2626 omnia

37 2654 149 2718 vivida
162 2667 192 2714 et
205 2653 357 2732 efficacia,
373 2655 493 2714 munita
505 2651 594 2727 fatis,
608 2651 776 2732 religione,
791 2651 921 2734 opibus,
938 2665 972 2712 ut
983 2653 1090 2714 nullus

38 2747 239 2826 relinquatur
249 2742 396 2804 Diomedi
411 2741 594 2824 ambigendi
607 2741 706 2802 locus.

87 2838 132 2897 18.
154 2834 349 2895 Gerebantur
360 2831 426 2894 haec
439 2855 494 2915 per
508 2833 648 2906 Latium3
669 2850 738 2912 quae
752 2832 860 2890 AEneas
873 2851 970 2911 quum
984 2831 1091 2906 sciret,

38 2924 126 2988 credi
138 2926 187 2984 vix
200 2937 316 3007 potest,
330 2945 393 3007 quo
408 2945 553 2986 curarum
564 2934 639 2984 testu
652 2921 830 2996 fluctuarem
842 2921 888 2980 uti
903 2921 1044 2980 animum
1056 2922 1089 2980 iu

40 3026 145 3097 partes
162 3034 269 3074 omnes
286 3013 453 3088 divideret,
475 3025 610 3096 raperet,
635 3024 776 3071 versaret.
798 3007 884 3086 Quid
900 3009 985 3069 enim
1003 3006 1089 3068 aliud
1180 3007 1184 3014 '

41 3102 158 3162 faceret
176 3099 312 3175 advena,
334 3103 477 3182 ignotus,
498 3100 593 3161 nullis
611 3098 655 3158 ibi
672 3118 773 3179 neque
791 3091 1090 3169 necessitudinibus,

42 3209 147 3270 neque
158 3187 416 3270 cognationibus?
595 3191 597 3196 '

86 3297 134 3337 22·
149 3275 261 3337 Vidisti
275 3297 388 3358 aquam
401 3276 553 3336 inclusam
568 3273 648 3334 vasis
664 3269 807 3346 aheneis,
827 3288 1000 3352 percussam
1010 3263 1089 3334 Solis

84 3475 125 3527 18.
136 3473 336 3528 Laomedontius
347 3475 426 3528 leros.
439 3475 544 3526 Virtute
626 3489 667 3524 ao.
680 3472 767 3543 Atque
775 3469 894 3520 animum
907 3485 978 3518 stunc
990 3465 1040 3518 huc
1049 3483 1088 3517 cc-

45 3568 73 3608 et
87 3553 233 3606 calliditate
245 3555 421 3607 Laomedonti
431 3573 545 3627 respon·
590 3551 682 3617 terem,
693 3569 764 3602 nuuc
775 3547 870 3600 dividit
878 3547 950 3598 illuc.
960 3545 1008 3598 Vel
1017 3542 1089 3617 quod

46 3634 202 3697 dens3nota
212 3634 282 3685 enim
292 3645 332 3686 est
341 3633 420 3704 hujus
429 3633 546 3704 pruden·
591 3634 644 3685 suis
664 3632 748 3702 copiis
766 3629 867 3682 bellum
886 3627 945 3678 Itali
963 3626 1088 3680 adversus

45 3716 101 3765 tia:
124 3710 316 3784 invigilandum
336 3723 376 3763 est
398 3705 487 3764 AEneae
511 3712 545 3764 ad
590 3710 805 3783 eomparaban13
818 3708 861 3760 vel
873 3707 947 3778 quod
959 3707 1088 3760 aDiome·

45 3804 135 3846 motus
155 3809 246 3846 omnes
264 3789 365 3843 Turni:
382 3809 446 3862 ergo
464 3805 546 3864 poeta
590 3793 624 3846 de
635 3805 737 3844 veteres
753 3790 831 3841 hoste
846 3807 894 3840 sno
912 3788 1009 3840 auxilia
1023 3806 1087 3860 pos·

46 3893 103 3926 non
111 3892 160 3946 pro
168 3870 544 3939 libidinantiturbisvocibua,
590 3871 721 3924 tulabant.
735 3899 770 3909 -
783 3868 893 3921 Celerem
899 3891 908 3930 ‚·
920 3867 955 3919 ad
967 3869 1088 3940 corporis

48 3953 208 4018 Dardanius,
226 3951 329 4016 Troius,
346 3951 545 4003 Laomedontia·
590 3951 818 4022 comparationem
831 3947 904 4020 quod
917 3947 1022 4000 tardum
1034 3959 1087 4010 est,

49 4033 191 4094 desberoa;
201 4031 256 4084 dux
264 4030 437 4086 Anchisiades.
590 4043 619 4083 ut
626 4031 654 4082 in
659 4031 748 4096 VI‚AE.
756 4046 816 4100 720,
823 4029 895 4081 mida
903 4025 1086 4098 corporadixit.
