2700 4586
339 297 393 359 IN
417 296 652 363 AENEIDOS
675 297 843 365 Ltu'tt.
1051 305 1111 372 roi

100 415 155 494 45.
177 419 259 478 Mira
280 419 459 499 oppositio‚'
477 431 507 476 et
525 415 604 477 nihil
626 421 772 480 otiosum.
794 423 865 481 Non
886 424 985 482 avecti
1005 421 1112 486 hostes

63 520 158 582 suut;
174 527 248 566 nam
266 504 318 566 hie
334 504 441 566 inclusi
456 504 655 566 occultantur:
671 529 735 568 non
747 525 854 570 carent
865 510 944 570 dolis
956 510 1038 572 dona
1053 516 1114 574 Da·

64 616 183 670 naum3
201 615 279 654 nem
294 593 356 654 hoec
372 592 510 654 machino
516 592 671 676 fabricate!
678 611 719 658 est
731 601 763 658 in
776 612 886 659 nostros
899 621 1013 661 muros:
1035 623 1114 660 non·

65 683 147 744 dum
155 685 355 746 vobisnotus
365 697 412 742 est
422 683 558 765 Ulysses3
570 705 641 744 nam
652 684 703 746 hic
713 685 819 769 aliquis
827 685 988 750 lutetenor.
999 691 1117 767 Quanta·

67 774 193 848 obrem,
210 795 285 856 equo
303 795 340 833 ue
355 772 460 834 credite
479 775 599 832 Teucri:
618 778 790 856 utcumque'
804 778 858 851 sit,
877 779 1002 838 Danaos
1016 781 1117 838 timeo

66 864 164 922 etiam
180 882 255 922 cum
272 863 374 921 donis.
393 861 450 921 Est
469 875 574 920 eutem
593 876 769 944 uenturaque
788 864 907 945 desuper
923 865 1000 939 urbi,
1020 885 1114 946 super

67 963 202 1009 venture
221 949 308 1023 urbi,
331 945 480 1029 illamque
499 967 704 1029 oppressura,
722 963 758 1008 ut
776 949 890 1032 solent,
910 971 979 1033 quae
996 973 1032 1012 ex
1051 951 1115 1012 alto

68 1037 231 1117 ingruunt.
884 1063 886 1070 ·
1158 1047 1159 1050 ’

112 1129 157 1186 50.
175 1124 282 1186 Verba
297 1125 388 1186 factis
405 1125 511 1186 firmat
526 1128 690 1200 Laocoon3
708 1139 834 1209 torquet
848 1129 931 1187 enim
944 1127 1067 1188 hastam
1081 1131 1117 1190 in

71 1234 205 1296 equum,
220 1228 257 1274 ut
269 1213 348 1274 aiios
360 1213 401 1274 ad
412 1214 547 1276 similem
558 1213 720 1275 audaciam
731 1218 919 1276 concitaret:
933 1229 1025 1298 poeta
1037 1215 1118 1276 latus

71 1317 105 1362 et
118 1304 224 1364 alvum
237 1305 394 1364 nominat.
408 1305 531 1364 Servius
546 1303 598 1364 hic
610 1326 675 1365 non
686 1305 805 1386 placet:
826 1326 883 1385 ego
897 1317 974 1387 puto
986 1304 1047 1364 hac
1058 1307 1118 1364 cir·

70 1393 210 1454 cuitione
228 1392 404 1473 significari
423 1391 517 1452 fixam
535 1391 659 1452 hastam
679 1415 715 1453 ea
734 1407 822 1475 parte
843 1393 963 1466 lateris,
984 1414 1054 1474 quae
1077 1391 1118 1452 etl

73 1479 176 1540 alvum
190 1481 342 1542 inclinat:
362 1479 427 1555 vel,
449 1481 535 1562 quod
550 1480 674 1555 malim,
695 1483 773 1543 dicit
784 1496 961 1564 penetrasse
973 1482 1066 1540 istam
1078 1479 1118 1539 ab

72 1565 166 1628 latere
179 1568 332 1650 usquead
347 1567 462 1628 alvum.
485 1570 606 1645 Partes,
621 1591 699 1651 quas
713 1591 798 1630 nunc
813 1569 990 1650 conjungit,
1004 1571 1119 1628 iterum

75 1672 211 1739 separat3
226 1656 412 1734 meminiret,
426 1672 503 1740 terpo
513 1657 681 1719 sceleratam
694 1662 837 1721 intorserit
847 1658 974 1730 hastam,
987 1671 1018 1717 et
1028 1671 1120 1718 utero·

74 1767 126 1825 que
140 1767 264 1807 recusso.
284 1748 430 1827 Sequitur
447 1745 659 1827 pulcherrima
672 1737 898 1831 hypotyposis,
915 1749 990 1807 stetit
1001 1743 1055 1804 itta
1068 1759 1121 1805 tre·

75 1855 166 1910 mens,
186 1850 246 1896 etc.
264 1833 373 1896 Adhuc
392 1837 476 1894 enim
492 1834 570 1894 mihi
585 1837 618 1895 in
634 1838 762 1897 auribus
778 1839 904 1895 insonat
916 1836 1049 1915 gemitus
1066 1831 1120 1892 iile

75 1944 277 1984 cavernarum
292 1923 329 1984 ad
345 1925 441 1984 fixam
456 1925 702 2008 trementemque
716 1925 846 1985 hastam.
859 1925 929 1983 Hoc
943 1924 1032 1998 satis,
1044 1942 1119 1981 nam

75 2013 144 2092 quis
157 2011 331 2094 expendat,
347 2015 408 2072 nisi
425 2011 563 2074 foedans?
574 2015 711 2076 Observa
724 2033 803 2074 cauce
819 2031 961 2082 cauernoe3
981 2025 1017 2070 ut
1032 2029 1121 2068 serere

75 2119 234 2173 sermones,
249 2099 413 2160 etsimilia
429 2103 463 2160 in
475 2098 537 2160 hoc
552 2113 631 2161 vate.
648 2105 717 2162 Vox
733 2111 861 2160 recussus
872 2096 1027 2178 significat
1039 2096 1123 2155 soni-

78 2201 142 2248 tum
158 2210 241 2270 saepe
253 2191 411 2250 iteratum.
1121 2245 1124 2255 .

10 2299 15 2320 ·
113 2276 160 2350 54.
185 2277 360 2339 Prudenter
380 2277 509 2360 culpem
526 2281 560 2338 in
577 2278 644 2340 ieta
663 2278 805 2358 conjicit,
823 2289 860 2336 ut
877 2272 1123 2357 imprudentiam

77 2376 200 2422 excuset
216 2362 447 2444 Trojanorum:
467 2364 507 2424 ad
525 2364 591 2424 haec
612 2367 766 2426 excitatur
781 2383 882 2426 novus
901 2360 1048 2437 affectus,
1067 2360 1122 2442 qui

77 2453 185 2532 ingens
205 2473 272 2514 esse
294 2453 390 2530 solet,
409 2469 509 2536 quum
528 2453 660 2515 dicimus
678 2456 762 2516 Deos
778 2454 868 2514 nobis
884 2473 949 2512 esse
966 2450 1121 2511 adversos.

76 2540 174 2620 Ergo,
195 2543 258 2600 nisi
275 2541 340 2601 fata
356 2543 448 2602 nobis
465 2557 569 2602 essent
586 2543 730 2620 adversa,
749 2545 774 2604 si
788 2563 876 2602 mens
892 2561 957 2600 non
975 2538 1067 2612 ltere,
1089 2535 1124 2595 id

77 2641 134 2703 est,
152 2631 346 2709 incogitans,
365 2644 396 2692 et
413 2631 552 2704 sinistra,
568 2631 642 2690 satis
658 2653 716 2692 nos
730 2634 793 2701 ictu
805 2650 863 2690 suo
877 2626 1031 2707 impulerat
1045 2629 1123 2684 Lao·

77 2717 297 2799 monsterium,
320 2716 429 2793 idest,
449 2717 629 2794 concidere,
650 2719 830 2791 vulnerare,
850 2717 984 2796 aperire,
1002 2711 1124 2770 latebras

78 2803 243 2885 Anjoiieus.
256 2807 403 2888 Sequitur
412 2808 445 2865 in
454 2804 517 2864 fine
527 2807 720 2888 apostrophe
729 2824 892 2886 nunquam
903 2803 976 2861 satis
986 2797 1123 2871 laudata,

77 2893 131 2952 ubi
144 2891 243 2978 ijo,
253 2917 317 2969 arx,
327 2897 463 2956 Priamus
473 2896 555 2976 (quis
564 2898 670 2982 potuit
677 2896 769 2978 plura
777 2895 872 2953 unico
882 2887 1007 2965 versui)
1017 2887 1124 2946 omnia

79 2980 172 3040 simui
190 2995 262 3042 unte
281 2981 387 3043 oculos
405 2985 474 3043 viro
491 2985 613 3064 optimo
629 2981 890 3044 obversabanturz-
907 2975 992 3037 doiet
1007 2975 1129 3058 quippe
1186 2975 1188 2979 ’

113 3142 156 3208 45.
165 3143 258 3214 Liquo.
269 3143 379 3211 Merito,
392 3147 469 3214 quasi
478 3144 580 3197 dissue·
626 3148 783 3220 tumofuue,
794 3147 871 3214 cujus
881 3136 1125 3206 subitabeniiinitas

81 3236 137 3285 sor,
152 3222 294 3274 affectavit
304 3225 473 3294 Tapinosim‚
490 3224 581 3277 dicens
627 3247 720 3282 canem
735 3245 766 3282 eo
781 3228 864 3298 magis
876 3222 988 3294 jubebat
1000 3217 1125 3289 vigilare,

80 3297 159 3372 liquo,
166 3302 475 3371 nonsimulacro.Quum
484 3323 582 3374 equum
627 3329 661 3361 ne
678 3327 727 3362 sua
743 3307 824 3379 culpa
836 3307 881 3356 fur
897 3305 997 3354 faceret
1013 3298 1125 3356 lucrum.

80 3375 182 3449 liqnum
198 3380 335 3450 appellat,
351 3385 469 3434 animum
488 3383 584 3455 procul
627 3391 748 3441 Emmen.

81 3456 163 3509 dubio
181 3459 275 3529 adjicit
291 3461 325 3512 ad
341 3481 434 3515 vocem
446 3464 582 3516 Graeoam:
664 3460 706 3512 53.
724 3462 798 3512 Cauoe
812 3471 934 3508 caueruoe.
953 3452 1045 3504 Graeca
1058 3445 1128 3539 figut-

82 3555 165 3607 equus
184 3540 256 3590 enim
274 3540 407 3611 Trojanus
426 3543 522 3595 Durius
541 3542 584 3592 vei
629 3559 675 3592 rar
686 3539 805 3590 utuitam
818 3537 912 3596 uiuere,
928 3542 1035 3582 mortem
1052 3545 1127 3578 ΜΘΝ·

82 3617 322 3686 transsumimus,
334 3622 363 3672 id
375 3634 428 3687 est,
441 3621 548 3695 liquens.
629 3621 700 3672 Serv.
713 3649 748 3658 -
760 3620 841 3669 eave.
856 3613 968 3665 Pulchre
982 3612 1127 3676 homerus,

117 3697 160 3766 49.
177 3700 311 3772 Quicquid
322 3702 350 3752 id
361 3713 410 3767 est,
424 3703 510 3754 timeo.
520 3703 586 3753 Om·
628 3700 723 3771 Odyss.
742 3699 828 3758 v111.;
846 3695 879 3746 (¹⁸
897 3693 949 3744 ¹¹³⁰
968 3709 995 3742 ΓΘ
1014 3690 1127 3760 ¹⁰q¹¹³¹¹⁵

83 3779 122 3828 nit
132 3779 223 3832 subita
234 3779 400 3849 liberalitas,
413 3795 439 3833 at
452 3785 585 3854 precipua
629 3781 701 3832 uritur
724 3773 808 3842 nixu,
828 3776 911 3839 dim,
931 3771 959 3823 id
979 3783 1035 3834 est,
1054 3785 1129 3820 cam

83 3853 213 3923 hostium,
223 3873 349 3930 suspecta
359 3864 394 3913 sit
406 3874 521 3930 oportet.
532 3863 587 3912 liu·
630 3859 741 3911 insidias.
755 3855 850 3908 Cerda.

82 3939 122 4007 jae
137 3941 177 3990 rei
194 3939 346 4011 elegantem
361 3940 490 3994 fabellam
505 3941 587 3992 tradit
666 3937 708 3990 56.
724 3937 850 4008 Trojaque
864 3951 934 3985 rruuc
949 3941 1039 3991 stares,
1055 3925 1130 3976 Pria·

85 4017 183 4072 Fhaatlr.
194 4019 253 4076 tab.
264 4023 291 4092 1,
305 4022 353 4090 ²¹43
365 4021 398 4076 de
407 4037 471 4074 cane
484 4034 510 4075 et
524 4039 587 4074 noc.
631 4019 719 4092 mique
727 4035 773 4071 arx
783 4015 838 4071 altu
847 4012 1005 4068 marcesculn
1015 4007 1132 4073 antiquis
