2700 4586
329 320 639 396 runualoos
664 323 756 388 uta.
781 329 830 390 11.
1039 335 1101 422 139

90 449 165 534 499.
185 452 232 510 Ab
248 449 341 510 initio
350 445 399 507 ibi
411 445 512 507 fuerat
525 446 761 527 Neoptolemus,
782 449 865 510 idem
878 455 931 534 qui
946 455 1100 536 Pyrrhus,

52 537 277 614 non-ttridae,
295 551 331 596 ut
352 558 388 595 ex
407 531 619 616 superioribus
638 535 753 616 liquet:
773 536 827 595 sed
849 538 975 618 quidem
997 545 1099 602 omnis

53 629 154 688 moles
166 625 244 686 belli
260 625 300 684 ad
314 627 432 705 regiam
444 621 636 697 confluebat,
657 634 692 682 ut
709 643 745 682 ex
761 645 823 704 qua
841 624 957 687 directa
969 630 1109 690 victoria-

54 717 219 799 penderet.
233 746 235 754 ·
1156 719 1158 724 ’

97 805 166 864 501.
184 803 336 862 Existimo
355 802 517 882 quaesitam
536 799 704 860 artificiose
720 804 948 884 oppositionem
964 804 1004 864 ad
1023 807 1101 866 exci-

55 891 191 950 tandum
203 890 354 950 affectum
366 913 373 949 ι
386 888 472 949 videt
486 890 568 949 enim
584 889 760 963 Hecubam,
772 910 885 966 nurus,
899 913 1003 953 senem
1015 895 1100 954 Pria-

56 979 235 1058 mum,'qui
250 979 337 1059 prius
348 976 469 1038 viderat
482 973 636 1058 Pyrrhum
647 975 802 1036 furentem
817 977 913 1054 caede,
935 993 964 1039 et
978 980 1101 1040 Atridas

57 1069 200 1147 geminos
211 1087 218 1123 t
231 1065 303 1128 vide
315 1081 468 1148 quantum
480 1067 573 1127 distet
582 1066 620 1125 ab
631 1063 746 1124 horum
756 1064 862 1126 furore
872 1067 998 1128 illorum
1008 1067 1103 1126 imbe-

57 1153 189 1214 cillitas:
206 1156 250 1214 ait
267 1153 490 1236 Neoptolemum
503 1153 748 1236 coedejiuentem,
767 1152 907 1214 alludens
923 1154 963 1214 ad
978 1175 1102 1236 compa-

57 1243 227 1316 rationem,
236 1243 546 1326 *amaissertursurerrs
555 1239 672 1302 cumulo
684 1266 692 1300 .·
705 1255 835 1323 uterque
845 1243 928 1302 enim
938 1241 1029 1317 furit,
1039 1261 1104 1301 am·

58 1331 106 1389 nis
115 1330 262 1406 cumulo,
275 1331 398 1392 Graecus
408 1330 508 1392 caede:
524 1331 568 1390 ait
574 1329 618 1389 de
629 1331 770 1406 Priamo,
783 1333 925 1412 sanquine
926 1331 1087 1414 fidentem
1092 1377 1108 1404 ,

59 1439 129 1499 quos
143 1421 202 1500 ipse
217 1433 380 1480 sacraverat
392 1423 489 1502 iquos:
512 1418 598 1501 quod
615 1421 783 1495 nimirum,
802 1422 845 1479 ait
863 1420 1041 1494 Turnebus,
1062 1410 1102 1478 ad

60 1523 231 1568 eam'aram
250 1521 486 1570 sacratusesset
503 1510 584 1589 ignis
601 1507 734 1589 pervigil
754 1529 790 1568 ac
812 1523 997 1590 perpetuus:
1020 1506 1105 1568 hunc

60 1597 164 1674 ignem
176 1595 276 1656 foedat
289 1599 430 1658 Priamus
442 1616 500 1656 suo
511 1597 677 1676 sanguine,
689 1597 763 1676 quia
773 1593 880 1656 turbat
890 1594 1104 1677 maculatque,

62 1697 125 1756 aut,
139 1686 163 1742 si
176 1687 291 1760 mavis,
307 1687 479 1766 extinguit:
493 1683 566 1743 inde
575 1683 640 1765 jam
654 1683 760 1744 dirum
773 1704 876 1744 omen.

100 1773 166 1833 503.
179 1776 237 1834 Vix
247 1777 353 1856 capias
364 1773 528 1850 affectum,
541 1777 584 1834 ita
597 1775 740 1834 eximius!
754 1777 879 1834 ruinam
891 1773 1102 1834 thalamorum

61 1861 200 1940 sequitur
216 1883 285 1942 spes
303 1862 400 1943 prolis
417 1877 447 1922 01
462 1876 628 1943 nepotum,
647 1881 716 1942 quae
731 1863 837 1940 lutura
857 1875 923 1922 erat
938 1882 1051 1944 magna
1067 1883 1104 1921 ex

63 1951 290 2032 quinquaginta
306 1950 432 2012 liberis:
450 1965 611 2031 ergo'spes
629 1971 753 2031 quoque
771 1951 869 2032 prolis
885 1953 958 2011 ruit.
975 1949 1060 2028 Quid
1079 1951 1105 2008 si

62 2036 212 2119 adjungas
225 2040 401 2122 emphasin,
413 2044 442 2100 τὸ
455 2037 514 2114 itti,
526 2053 563 2100 ut
572 2038 667 2112 dicat,
681 2053 777 2099 ruunt
787 2038 918 2100 thalami
929 2039 975 2098 illi
986 2043 1108 2119 magni-v

62 2122 271 2203 ficentissimi,
282 2128 529 2201 celebratissimi,
541 2127 764 2208 superbissimi.
779 2128 884 2186 Potest
898 2147 960 2186 esse
974 2125 1105 2186 1100000-

63 2210 144 2286 cula,
160 2212 210 2272 vel
225 2215 258 2274 in
275 2216 366 2276 tertio
381 2236 455 2276 casu
467 2235 538 2274 cum
551 2214 701 2273 relatione
714 2212 753 2273 ad
768 2214 940 2288 Priamum,
955 2225 990 2272 ut
1003 2210 1103 2283 dicat;

63 2315 149 2360 erant
169 2301 217 2361 illi
238 2304 362 2364 Priamo
385 2304 612 2384 quinquaginta
630 2299 779 2360 thalami:
799 2301 847 2360 vel
864 2303 898 2360 in
912 2303 1015 2381 primo
1032 2319 1105 2360 casu·

64 2387 289 2460 multitudinis,
305 2405 341 2450 ut
349 2389 416 2471 jam
427 2390 576 2471 explicui,
588 2402 623 2450 01
637 2388 734 2464 dicat,
749 2389 940 2471 procubuere
952 2389 1106 2470 quinqua-

63 2479 150 2556 ginta
162 2478 209 2537 illi
224 2477 364 2538 thalami.
869 2489 873 2495 '

102 2562 170 2639 504.
181 2563 267 2626 Nihil
277 2565 434 2648 reliquum
443 2565 572 2626 fortuna
581 2565 669 2625 fecit:
681 2579 889 2648 ruuntpostes
897 2563 1010 2624 aedium
1021 2582 1106 2642 mag·

63 2653 387 2731 nificentissimarum,
403 2657 528 2737 superbi
543 2669 611 2714 tum
626 2675 703 2716 auro
717 2653 896 2728 barbarico,
913 2669 980 2711 tum
994 2647 1104 2732 spoliis

65 2740 255 2804 devictarum
267 2747 426 2824 gentium:
439 2744 566 2804 demum
577 2765 615 2804 eo
625 2765 672 2803 res
681 2742 804 2802 redacta
814 2756 875 2816 est,
885 2755 920 2800 ut
930 2740 1029 2798 multa
1039 2738 1104 2816 igni

64 2831 270 2908 conciderint,
285 2835 399 2914 quibus
411 2835 553 2907 vastatis,
568 2833 650 2912 ignis
662 2830 791 2911 perinde
805 2827 956 2901 cessabat,
971 2823 1024 2884 sed
1038 2843 1104 2882 non

65 2919 133 2982 ideo
152 2921 288 2997 malum3
308 2945 381 2984 nam
400 2924 506 2982 statim
524 2923 630 2982 locum
649 2919 844 3000 occupabant
863 2916 978 2988 Danai,
1000 2912 1108 2973 hostes

63 3011 231 3069 saevissimi.

104 3095 171 3158 506.
185 3101 304 3160 lecerat
313 3101 380 3182 jam
392 3119 492 3160 semen
504 3100 653 3160 sermonis
663 3096 757 3180 hujus
769 3099 801 3156 in
816 3097 899 3156 calce
908 3094 981 3153 libri
993 3089 1112 3172 primi,

102 3229 162 3299 199.
190 3233 251 3285 Vidi
273 3236 326 3306 ipse
342 3235 484 3306 florentem.
509 3238 561 3298 Ut:
608 3235 817 3306 extingueretur,
833 3230 920 3284 Danai
934 3221 1105 3292 occupabant

67 3310 207 3382 rQuaeque
223 3315 280 3383 ipse
298 3316 445 3368 miserrima
462 3315 518 3367 vidi
529 3339 540 3361 n
554 3337 561 3366 t
607 3333 639 3366 00
651 3314 727 3378 loca,
743 3311 875 3382 inquibus
887 3326 941 3358 non
952 3305 1032 3363 dixin
1050 3317 1104 3350 ¹¹0³

65 3407 127 3442 sana
139 3391 193 3442 vidi
203 3393 269 3464 ipse,
281 3392 333 3446 hac
344 3394 478 3466 particula
487 3393 562 3448 addi·
587 3441 590 3448 ,
606 3395 658 3444 fuit
664 3395 745 3464 ignis,
758 3391 805 3443 sed
812 3393 867 3459 jam
875 3383 1023 3438 deficiebat.
1034 3381 1110 3432 Dora.

65 3483 104 3536 ta,
123 3474 289 3526 miseriorem
298 3493 326 3528 se
339 3477 468 3543 ostendit,
486 3478 561 3546 cujus
642 3469 702 3524 506.
723 3470 839 3521 Forsitan
856 3477 896 3529 etr
920 3462 1021 3516 Priaml
1039 3461 1104 3532 f'oe'

65 3551 562 3626 001000010000000001000000010-
606 3552 660 3602 rint
676 3567 738 3622 quae
748 3549 826 3620 fata,
844 3545 963 3617 requiras.
982 3544 1053 3595 Bene
1069 3539 1103 3593 de

65 3647 115 3700 que
126 3633 237 3686 fortuna
249 3637 413 3688 constiterat.
425 3637 494 3688 Serv.
605 3632 710 3684 Priamo
721 3628 818 3680 obtulit
829 3627 1025 3690 narrationem,
1040 3623 1107 3696 qnia-

99 3709 160 3762 505.
179 3712 281 3764 Terreat
292 3715 396 3779 Danai,
410 3735 463 3787 qua
476 3712 563 3785 deficit
605 3712 722 3762 breviter
729 3710 930 3781 perstrinxerat:
941 3706 1111 3761 «Priamum-v

64 3789 137 3859 ipris.
149 3791 221 3863 Ignis
235 3795 324 3864 potuit
335 3792 462 3858 deficere,
476 3794 562 3846 Danai
607 3809 658 3862 que
668 3808 717 3860 per
727 3805 786 3840 aras
797 3787 929 3858 Sanguine
939 3782 1101 3845 foedantem,

65 3885 118 3920 000
129 3883 285 3940 potnerunt.
299 3874 370 3928 Serv.
379 3901 415 3913 -
426 3874 484 3942 Qua
498 3868 563 3942 defi·
607 3887 674 3941 quos
690 3871 747 3940 ipse
764 3878 929 3931 sacraverat,
945 3865 1028 3935 ignes.
1040 3886 1051 3908 κ
1070 3863 1104 3928 Et

65 3947 98 3997 cit
107 3949 181 4021 ignis.
192 3950 290 4004 Omnia
299 3963 478 4024 occupaverat
484 3952 561 4021 ignis,
605 3949 678 4002 bono
690 3966 753 4000 usus
766 3960 806 4000 est
819 3947 929 4007 ordine;
942 3957 971 3997 ut
982 3955 1042 3996 anta
1052 3943 1107 3994 rei.

66 4027 109 4084 sed
118 4033 299 4100 qnam,rebus
307 4032 562 4106 consumptis,igaia
606 4029 735 4102 publicae;
748 4041 809 4104 post
821 4029 889 4100 regis
900 4048 907 4090 3
919 4024 981 4078 inde
991 4022 1109 4096 privati,¹
