2692 4594
288 256 291 262 ’
335 285 387 346 ru
413 285 648 350 AEufflnos
672 286 765 350 mn.
791 288 864 351 111.
1008 255 1012 268 ’
1063 301 1121 384 193

71 409 138 468 lam
153 407 291 482 inviam,
311 420 341 466 et
357 406 485 488 longam
501 428 565 466 non
578 420 660 468 recta
675 407 886 484 dimensione,
899 411 951 470 sed
966 414 1005 473 ab
1019 417 1121 501 longis

70 499 179 571 terrie,
193 517 264 579 quae
278 496 312 554 in
325 492 456 574 trajectu
471 495 527 555 illo
540 495 722 572 lustrandas,
737 518 771 556 ac
785 499 1022 564 circumeundae.
1036 507 1122 566 Prin·

69 587 151 666 cipio
166 599 228 660 est,
240 597 312 643 ante
325 585 442 644 omnia.
1021 655 1023 660 Ι
1096 645 1099 650 ¹

116 674 185 751 384.
199 675 307 756 Aperit
317 671 383 754 jam
396 694 462 733 rem
474 672 671 754 explicatius:
687 689 779 736 erunt·
788 675 846 736 tihi
855 678 1044 758 longissimae
1058 703 1123 752 rno-

70 782 117 820 1·ae
131 765 213 822 circa
230 761 375 820 Siciliam.
390 763 454 820 Has
466 781 568 820 moras
583 775 652 842 apte
666 763 796 844 explicat
810 765 932 826 lentitie
944 789 1123 843 remorum:

69 847 276 910 lustrandum
288 847 402 907 esttibi
415 848 590 906 Ausonium
601 868 700 922 mare,
715 863 759 909 est
772 849 833 910 hoc
844 873 929 912 mare
943 875 1014 935 pars
1025 858 1121 930 lonii;

72 935 214 996 adeundi
230 934 339 1010 inferi,
358 932 434 1000 vide,
448 935 517 1016 quis
535 932 587 994 hic
603 935 712 997 labor?
729 937 831 998 Circes
846 941 946 1000 insula
958 956 1123 1022 praeterna-

70 1023 223 1107 viganda.
240 1024 328 1096 Haec,
347 1023 492 1102 inquam,
508 1023 594 1102 prius
607 1021 768 1086 lustranda
784 1029 907 1102 omnia,
927 1049 1022 1109 quam
1038 1044 1123 1104 tutus

72 1117 130 1190 sis,
143 1128 178 1174 et
191 1126 260 1172 tuto
275 1112 373 1194 possis
389 1109 499 1172 urbem
514 1111 656 1172 condere.
672 1115 745 1174 Haec
762 1130 846 1196 gesta
861 1133 931 1194 sunt
946 1139 982 1177 eo
1000 1119 1124 1196 ordine,

72 1223 138 1282 quo
151 1200 206 1260 hic
220 1213 343 1260 narrata
357 1222 363 1258 :
378 1201 412 1258 in
426 1198 486 1258 hoc
498 1196 581 1258 libro
595 1199 745 1260 lustratur
757 1201 873 1280 Sicilia,
886 1217 917 1264 et
931 1225 1016 1264 mare
1030 1207 1125 1266 Auso·

71 1293 182 1364 nium;
195 1291 229 1348 in
242 1297 339 1366 sexto,
351 1287 463 1348 inferi:
479 1289 674 1370 in'septimo,
691 1292 789 1350 Circes
805 1293 915 1351 insula.

112 1382 185 1440 388.
200 1379 335 1438 Adhibet
351 1381 440 1462 signa
453 1379 513 1438 loci
531 1378 571 1438 ad
585 1382 721 1459 quietem
739 1381 929 1440 inveniendi.
947 1382 1124 1464 Aliquando

70 1472 141 1552 ipse
157 1469 197 1528 ad
212 1468 312 1528 undas
326 1468 464 1528 fluminis
482 1468 633 1528 sollicitus
648 1471 786 1530 invenies
804 1473 838 1530 in
852 1473 942 1532 litore
957 1494 1059 1548 suem,
1074 1478 1129 1534 cui,

71 1558 203 1639 triginta
221 1554 364 1636 porcelli;
380 1556 447 1634 ipsa
462 1553 533 1613 alba
547 1557 620 1630 erit,
639 1554 732 1616 foetus
747 1577 872 1638 quoque
889 1555 968 1632 albi,
987 1559 1127 1619 cubabit-

74 1668 135 1730 que
152 1647 189 1704 in
203 1645 290 1705 solo:
306 1646 381 1704 scias
399 1645 505 1724 itaque
520 1643 612 1704 illum
631 1665 695 1706 esse
708 1647 812 1708 locum
830 1648 1001 1709 condendae
1020 1649 1124 1710 urbis:

68 1739 137 1818 jam
152 1749 223 1794 tum
234 1734 292 1794 tihi
307 1733 406 1793 aderit
419 1731 566 1802 laborum
579 1737 687 1816 quies..
725 1801 727 1806 ,

113 1827 187 1906 394.
202 1823 324 1906 Duplex
338 1825 435 1898 rati0,
450 1845 504 1884 cur
519 1845 585 1885 non
601 1825 711 1886 debeat
724 1825 898 1888 horrescere
913 1829 1125 1912 Harpyiarum

73 1915 193 1985 minas,
209 1932 405 1991 morsusque,
421 1911 536 1992 quibus
547 1933 611 1994 prae
628 1913 711 1974 fame
727 1935 834 1974 mensa
846 1917 905 1974 erit
917 1915 1107 1984 absumenda
1116 1940 1125 1992 ;

6 2007 10 2026 '
73 2002 175 2082 prior,
188 1998 392 2058 immutabilis
403 2000 449 2058 vis
462 1995 609 2074 latorum,
621 2020 690 2080 quae
699 2005 778 2062 vium
790 2005 952 2075 inseruerim
962 2005 1126 2084 posterior,

72 2090 232 2173 Apollinis
247 2089 352 2162 favor,
367 2089 421 2168 qui
436 2103 554 2150 vocatus
567 2089 668 2150 aderit.

113 2179 186 2256 396.
205 2177 311 2258 Signat
328 2175 504 2236 Calabriam
522 2191 552 2236 et
569 2177 751 2258 Apuleiam,¹
768 2198 836 2258 quae
851 2180 999 2258 proximae
1014 2182 1125 2259 Epiro,

72 2267 127 2326 uhi
142 2269 211 2348 ipse
223 2279 276 2326 est.
292 2267 354 2326 llas
369 2269 452 2325 enim
466 2281 568 2346 partes
578 2267 677 2326 Graeci
692 2279 874 2342 tenuerunt,
887 2269 1124 2349 apellarnntque

73 2353 229 2413 Graeciam
244 2354 402 2433 Magnam.
418 2354 501 2434 Ergo
517 2353 620 2434 effuge
634 2351 690 2412 has
704 2367 813 2429 terras,
828 2354 932 2436 effuge
946 2355 1024 2416 hanc
1037 2376 1125 2415 oram

71 2441 175 2500 Italici
187 2439 302 2516 litoris,
318 2461 389 2520 quae
403 2439 495 2500 nobis
509 2441 673 2521 Epiroticis
688 2454 732 2500 est
748 2443 904 2522 proxima,
921 2456 954 2512 ut
969 2465 1051 2524 qnae,
1064 2464 1127 2526 per·

66 2529 220 2612 fimditur,
240 2529 378 2590 abluitur
394 2543 478 2604 oestu,
504 2530 596 2590 undis
613 2552 648 2592 ac
665 2529 826 2605 fluctibus,
845 2536 936 2594 nostri
951 2537 1053 2592 moris·
1074 2536 1127 2592 Est

74 2631 161 2678 estus
174 2619 208 2674 in
222 2619 313 2691 mari,
327 2616 380 2676 ubi
395 2639 474 2700 aqua
483 2639 550 2699 prae
563 2621 684 2698 angusti
690 2621 713 2678 is
722 2622 912 2678 concitatur:
928 2623 1066 2699 sequitur
1078 2640 1127 2677 ra-

74 2707 136 2780 tio,
153 2725 210 2764 cur
224 2703 333 2763 debeat
346 2703 468 2784 fugere,
482 2719 588 2769 cuncta
599 2702 684 2764 maiis
695 2703 863 2764 habitantur
873 2707 979 2765 moenia
990 2707 1096 2764 Graiis.
1167 2711 1174 2726 “

115 2793 186 2870 399.
200 2791 247 2850 Ab
258 2790 395 2872 generali
405 2812 509 2860 rerum
519 2793 713 2864 narratione,
723 2790 880 2860 descendit
890 2791 928 2850 ad
938 2793 1127 2872 peculiarem

75 2893 105 2941 et
116 2883 276 2962 signatam
288 2881 465 2961 aliquarum
480 2883 657 2960 civitatum,
672 2901 747 2960 quas
760 2881 793 2938 in
807 2900 842 2939 ea
857 2901 911 2938 ora
924 2880 1018 2939 ltaliae
1029 2881 1128 2938 Graeci

75 2971 299 3031 condiderunt.
311 2974 338 3030 N
341 2983 461 3030 umerat
469 2974 601 3046 Locros,
616 2971 673 3051 qui
684 2963 814 3050 profe'cti
827 2993 845 3030 a
857 2971 976 3030 Naritio
984 2971 1127 3032 ,Graeciaez

76 3056 300 3134 idomeneum,
318 3061 372 3139 qui
389 3057 496 3139 pulsus
513 3057 552 3118 ab
570 3060 659 3118 Creta
678 3057 816 3118 consedit
831 3058 864 3116 in
876 3056 1057 3116 Salentinis:
1074 3055 1129 3115 de-

77 3169 168 3208 mum
183 3147 348 3224 Peteliam,
361 3169 492 3229 parvum
506 3150 675 3231 oppidum,
690 3169 759 3229 quae
775 3146 914 3220 subnixa,
930 3147 960 3206 id
976 3161 1034 3220 est,
1048 3145 1128 3204 fulta

79 3249 109 3294 et
118 3235 242 3296 munita
253 3256 346 3306 muro¹
354 3236 535 3297 Philoctetae
545 3237 641 3298 ducis.
652 3239 761 3314 Quum
769 3246 859 3317 poeta
870 3234 994 3304 dixerit,
1006 3233 1129 3298 Graecos

80 3324 278 3403 occupavisse
290 3344 377 3382 oram
391 3324 493 3399 illam,
508 3323 573 3404 ejus
585 3324 750 3394 consilium
764 3337 824 3396 est,
836 3323 870 3381 in
883 3321 1040 3390 attributis¹
1053 3319 1131 3377 indi-

79 3431 148 3471 care
163 3427 266 3492 partes
284 3412 352 3472 illas
365 3415 509 3488 Graeciae,
525 3413 610 3474 unde
625 3412 755 3495 proiecti
773 3412 820 3470 illi
838 3413 872 3469 in
887 3409 1008 3470 ltaliam
1021 3431 1027 3466 :
1042 3409 1131 3484 idea,

80 3500 200 3560 Locros
214 3517 320 3580 vocat,
340 3505 489 3578 Naritios3
505 3505 725 3577 Idomenenm,
740 3503 898 3583 Lyctium3
914 3499 1130 3573 Philoctetam,

81 3588 287 3652 Meliboeum:
303 3613 377 3652 narn
393 3595 483 3654 Locri
499 3593 630 3676 profecti
648 3605 719 3652 sunt
735 3592 773 3650 ab
787 3592 907 3650 Naritio
921 3589 1038 3670 oppido
1051 3591 1129 3650 Atti·

115 3749 178 3820 398.
196 3751 277 3804 Malis
292 3753 383 3804 Graiis.
398 3753 508 3823 Accipio
528 3772 584 3804 ma·
628 3753 714 3818 mala,
734 3764 761 3804 et
777 3751 895 3823 perfida,
912 3753 947 3808 in,
957 3751 1130 3822 proverbium

83 3827 135 3892 los,
148 3841 194 3880 aut
205 3828 311 3896 hostes,
323 3844 507 3883 utvereerant
518 3833 585 3882 Tro·
630 3834 703 3884 abiit.
720 3832 912 3903 Aristophanes
926 3835 954 3884 in
966 3835 1055 3894 irena3
1073 3833 1129 3882 Eu·

79 3909 220 3976 janorum,
234 3925 293 3978 aut,
306 3929 338 3963 ex
349 3911 502 3962 Graecorum
511 3912 586 3982 inge·
629 3912 730 3983 ripides
742 3914 778 3966 in.
788 3911 990 3977 Andromacha,
1007 3911 1078 3964 idem
1096 3908 1129 3960 de

84 3987 144 4054 nio,
157 3988 275 4042 dolosos.
287 3991 353 4044 lude
363 3989 524 4064 Graecafides
535 4009 585 4062 pro
630 3991 729 4044 Graecis
742 3991 873 4044 dixerunt.

158 4077 183 4129 6.
808 4118 809 4122 ,
947 4076 978 4127 13
