2676 4602
315 289 390 363 ,ru
413 285 762 374 antinoensis:
788 289 850 351 iv.
1049 291 1120 357 aee

67 413 227 476 orificium
239 414 273 473 in
285 412 427 473 'colorem
446 413 572 492 nigrum
588 420 766 486 mutantur3
785 410 979 492 explicatius,
996 411 1062 472 'vini
1079 416 1114 474 in

67 523 214 564 cruorem
228 503 387 562 conversio
404 501 550 575 obscena,
562 499 595 559 id
608 513 670 576 est,
681 498 795 560 funesti
811 501 935 560 ominis.
951 500 1020 559 Hoc
1033 501 1114 560 nulli

67 591 239 665 indicavit3
254 611 355 672 neque
366 591 457 650 somn·
470 591 537 671 ipsi,
558 593 710 670 ἒμφατικῶς,
724 591 774 650 eui
789 588 851 648 alia
864 587 972 648 omnia
987 585 1116 648 solebat.

110 677 182 761 457.
195 677 336 738 Alterum
354 689 509 738 ostentum
522 700 528 736 :
541 675 677 736 habebat
695 678 730 736 in
746 676 864 737 sedibus
882 675 1057 758 sepulcrum
1070 678 1115 736 Si·

69 763 167 840 cbaei,
177 769 218 826 sic
228 765 345 846 explica
354 764 519 846 templum,
527 785 721 845 cummagno
732 765 1021 838 cultuvittarum,et
1030 763 1122 824 fron·-

67 852 161 914 dinm
172 877 179 913 ε
192 851 266 914 binc
281 856 315 914 in
325 852 448 914 silentio
461 855 577 929 noctis,
590 852 677 934 quod
690 852 763 912 facit
774 852 818 912 ad
827 865 992 926 terrorem,
1005 850 1116 911 auditae

67 954 148 1001 sunt
158 961 248 1002 voces
260 985 269 1017 ,
282 941 395 1022 quibus
406 939 538 1002 Sicbaeus
551 938 715 1021 conjugem
729 941 859 1000 vocavit.

110 1029 182 1106 462.
195 1031 334 1091 Tertium
348 1029 387 1090 de
398 1027 542 1106 bubone3
556 1028 627 1089 vide
637 1050 728 1104 vero,
740 1041 776 1089 ut
789 1049 835 1088 res
849 1029 887 1088 sit
898 1028 1068 1109 composita
1077 1026 1118 1086 ad
1137 1057 1138 1060 ¹

67 1137 224 1198 magnum
245 1129 397 1179 terrorem
416 1137 504 1178 :non
521 1115 705 1177 audiebatur
721 1116 822 1192 bubo,
843 1114 895 1176 sed
916 1111 1117 1195 querebatur,

69 1206 162 1289 quod
175 1207 311 1268 tristius:
326 1218 357 1268 et
369 1227 455 1289 saepe,
469 1227 543 1267 narn
558 1207 690 1288 querelae
700 1201 969 1287 iterataeqetserali
979 1205 1125 1277 sunnine,

69 1292 160 1373 quod
168 1305 214 1354 est
221 1307 417 1356 mortuorum
427 1317 434 1355 ι
445 1293 496 1354 hae
507 1315 581 1354 vero
592 1293 724 1376 querelae
733 1295 1037 1364 veriuserantnooes,
1048 1309 1118 1371 quae

68 1381 219 1441 miseram
231 1382 382 1464 Reginam
394 1381 433 1442 ad
447 1381 548 1440 fatum
558 1382 714 1442 vocabant
725 1403 731 1440 :
744 1379 794 1442 bae
808 1377 903 1461 [onyce
912 1375 1126 1452 ducebantur,-

68 1477 103 1525 et
115 1468 278 1552 cumfletu.
295 1467 380 1546 Quid
394 1489 462 1529 non
472 1465 522 1528 his
533 1466 699 1528 borridum
713 1479 743 1528 et
754 1468 839 1528 triste
853 1465 953 1548 capis?

113 1554 184 1632 464.
199 1560 375 1640 Sequuntur
394 1569 559 1640 quartum,
578 1559 740 1639 quintum,
752 1569 913 1618 etsextum
931 1553 1127 1638 prodigium..

70 1646 266 1708 Horrilicant
283 1647 385 1722 illam,
404 1647 438 1706 id
453 1657 513 1722 est,
533 1645 667 1728 implent
683 1645 833 1722 horrore,
850 1664 917 1727 quae
938 1645 1024 1726 prius
1037 1655 1121 1704 vates

70 1732 216 1806 dixerant
229 1756 236 1793 ε
252 1755 350 1816 quum
363 1735 448 1794 enirn
462 1737 568 1805 omnia
580 1755 684 1796 secum
693 1745 858 1816 repeteret,
874 1751 942 1814 quae
955 1731 1094 1792 audierat
1104 1751 1127 1790 a

70 1820 198 1879 vatibus
203 1865 213 1894 ,
225 1818 368 1881 trahebat
379 1822 486 1881 omnia
498 1822 533 1881 in
545 1841 635 1882 suam
646 1821 827 1904 perniciem.
837 1821 945 1880 AEneas
955 1818 1123 1899 etiam,qui

71 1905 214 1988 placidus
226 1921 353 1982 natura,
363 1929 398 1968 ac
409 1927 480 1968 vere
491 1909 576 1990 pius,
585 1910 667 1969 visus
679 1910 713 1968 in
723 1909 855 1983 somnis3
866 1917 993 1990 apparet
1004 1905 1050 1966 illi
1061 1923 1123 1966 esse

69 1995 159 2056 ferus
169 2017 346 2077 saevusque,
356 2018 450 2079 agens
460 1997 650 2080 turbantque
662 1997 819 2060 furentem
829 1997 954 2075 dolore,
966 2007 996 2058 et
1005 2014 1121 2056 amore.

70 2086 212 2146 Demum
224 2085 360 2147 solitudo
373 2087 462 2146 illam
476 2100 583 2166 terret,
596 2109 692 2170 quam
707 2089 766 2148 sibi
781 2089 848 2169 ipsa
860 2085 961 2167 fingit.

114 2169 184 2251 469.
203 2175 368 2234 Furentem
382 2174 539 2234 Didonem
553 2188 715 2256 comparat
728 2174 874 2256 praeclare
892 2191 964 2232 cum
983 2168 1121 2230 Pentheo

73 2260 218 2342 primum
227 2305 235 2335 ‚
245 2259 331 2341 cujus
340 2259 431 2321 furiae
438 2263 625 2322 notissimae:
636 2260 689 2322 bio
700 2261 866 2320 Furiarum
876 2255 1050 2338 agminibus
1060 2257 1125 2336 agi·

72 2358 160 2406 tatus
173 2347 303 2428 putabet
314 2367 346 2406 se
358 2346 463 2408 videre
481 2348 586 2408 Solem
596 2346 769 2429 duplicem,
788 2355 819 2404 et
831 2342 951 2403 Thebas
965 2341 1123 2424 duplices:

75 2435 192 2497 deinde
204 2457 275 2496 cum
287 2437 410 2513 Oreste,
430 2437 486 2519 qui
501 2437 542 2497 ob
555 2437 749 2496 interfectam
764 2444 895 2494 matrem
908 2442 1033 2492 vexatus
1045 2451 1124 2513 quo·

110 2630 175 2699 454.
191 2633 356 2686 Horrendnm
370 2635 458 2688 dietus
469 2635 577 2703 Quanto
622 2633 784 2688 intendentis
803 2629 941 2702 repulisse.
957 2651 969 2676 u
990 2625 1069 2680 Orid.
1089 2625 1126 2679 de

73 2713 160 2782 magis
169 2713 243 2779 visu,
256 2713 330 2784 quod
340 2713 441 2767 Didoni
457 2717 576 2786 contigit.
622 2713 718 2768 eadem
727 2709 847 2760 Didone:
859 2709 948 2758 0ffine
958 2723 1008 2776 ego
1014 2724 1058 2758 me
1065 2723 1125 2758 sen·

73 2792 340 2844 Seru-Haemum
353 2791 430 2843 nulli.
439 2794 497 2844 Hoc
505 2791 579 2863 quod
623 2795 646 2843 si
657 2801 723 2842 noto
736 2798 831 2858 quater
843 2804 890 2836 ore
902 2784 994 2835 citari:
1006 2783 1066 2854 lpse
1079 2795 1124 2834 so-

74 2870 195 2935 viderat,
204 2871 270 2923 nulli
278 2871 351 2923 dixit.
361 2870 434 2938 Quid
443 2883 483 2922 est
494 2870 580 2922 nulli?
622 2889 659 2922 no
669 2869 744 2921 tenui
753 2865 829 2933 dixit,
834 2865 919 2916 Elissa
929 2863 1001 2914 veni.
1010 2885 1021 2909 ι
1036 2862 1123 2913 Gelda.

73 2969 110 3002 ne
130 2951 217 3001 sorori
236 2949 359 3020 quidem,
379 2949 423 3000 cui
439 2950 528 3001 fuerat
545 2947 578 3000 de
658 2948 718 3016 466.
726 2944 864 2998 insomnis
868 2943 942 3015 ferus
949 2942 1052 2992 AEneas.
1063 2941 1126 2994 Non

75 3047 170 3084 amore
182 3031 321 3081 confessa:
336 3041 362 3080 et
375 3029 446 3081 forte
457 3027 519 3081 ideo
535 3046 580 3080 so·
623 3042 664 3082 est
671 3025 809 3100 epitheton
813 3024 901 3097 ferus,
913 3019 961 3074 sed
968 3019 1124 3091 phantasia:

75 3129 167 3164 rorem
179 3108 289 3175 ¹celavit,
303 3128 338 3162 ne
350 3120 376 3162 et
389 3111 448 3182 ipsa
466 3127 494 3162 se
508 3110 579 3182 peri·
623 3108 705 3162 talem
724 3107 794 3160 enim
812 3103 889 3156 illum
909 3098 1125 3171 imaginabatur,

75 3201 177 3252 meret;
189 3201 252 3260 post
264 3190 402 3260 queritur:
420 3188 515 3242 «ldem
525 3207 579 3241 am·
625 3187 731 3260 qualem
742 3183 861 3237 timebat.
874 3209 911 3220 -
923 3180 1079 3248 Semperque
1090 3195 1126 3230 ro·

75 3269 128 3322 bas
138 3271 210 3321 ferro
223 3267 302 3320 dolor
314 3281 396 3340 atque
406 3267 500 3324 eadem
511 3268 581 3322 bora
624 3266 717 3340 linqui.
727 3266 778 3318 Per
789 3278 881 3315 omnes
892 3269 986 3310 noctes
997 3257 1125 3328 navigare

77 3348 295 3401 tulisset.»Serv.
586 3377 589 3382 ·
623 3347 767 3400 videbatur
777 3344 872 3394 AEneas
879 3377 888 3405 ,
901 3337 978 3408 quasi
990 3353 1048 3388 eam
1058 3353 1128 3388 sem-

115 3428 178 3494 460,
190 3428 261 3480 Hine
272 3428 390 3481 exaudiri
399 3447 477 3483 voees.
491 3429 580 3482 Simile
625 3444 674 3498 per
700 3423 870 3492 relinqueret.
897 3445 932 3456 -·-
958 3415 1132 3468 incomitata*

79 3508 192 3561 caecinae
220 3507 348 3560 accidisse
377 3523 469 3562 narrat
495 3508 580 3560 Tacit.
627 3501 708 3570 Quod
724 3499 808 3552 ferale
822 3510 849 3550 et
861 3495 1029 3547 mortiferum
1041 3496 1127 3548 omni·

79 3588 151 3640 Anu.
166 3587 213 3640 lib.
230 3589 257 3650 15
274 3587 316 3639 bis
331 3587 419 3640 verbis
436 3611 442 3639 ε
462 3589 584 3640 «Ducem
627 3579 867 3650 bus3etpraeoipue
875 3573 992 3646 legibue,
1004 3575 1050 3645 qui
1059 3593 1126 3626 nun·

78 3669 177 3722 terruit
197 3667 257 3722 dira
274 3668 366 3737 quies3
390 3685 453 3720 nam
474 3668 582 3734 Quinti·
630 3679 710 3735 quem
721 3659 773 3711 soli
786 3668 857 3710 sunt.
871 3683 906 3697 --
917 3654 1010 3725 Tyrios
1029 3653 1128 3708 deserto

79 3749 147 3802 lium
166 3749 282 3813 Varum,
302 3748 431 3819 sanguine
452 3747 581 3814 oblitum,
626 3759 736 3818 querere
751 3737 917 3790 tertulianus
935 3735 1062 3798 affectio;
1079 3753 1126 3786 so-

81 3842 109 3882 et
125 3827 269 3898 paludibus
286 3843 419 3878 emersum
432 3843 539 3880 eernere
557 3839 584 3879 et
626 3824 681 3876 lent
693 3821 764 3872 enim
776 3819 822 3890 qui
834 3815 975 3880 deliciunt,
983 3833 1046 3868 suos
1056 3813 1126 3866 desi·

82 3907 178 3962 audire
190 3910 263 3960 visus
276 3920 332 3972 est,
344 3905 418 3958 velut
428 3919 581 3972 vocantem,
627 3900 730 3965 derare,
737 3910 768 3950 ut
775 3894 880 3948 dulcius
888 3897 1044 3946 moriantur.
1054 3893 1125 3946 Serv.

81 4005 139 4042 non
156 3999 246 4042 tamen
258 3987 418 4055 obsecutus,
435 3996 461 4040 et
474 4004 583 4040 manum
627 3981 669 4040 stc
683 4000 732 4055 per
747 3979 852 4036 somnia
865 3977 990 4036 laborant
1003 3974 1073 4048 egri.
