2646 4606
227 417 230 420 ,
307 315 358 420 in
381 355 617 424 nnuruos
640 359 732 424 ern.
757 363 843 428 vu.
1031 363 1092 446 ns

49 478 174 538 lumina
186 476 330 540 utebatur
342 478 445 554 Circe,
460 479 513 540 sed
528 479 674 556 odorata,
687 494 717 542 et
728 485 864 564 pretiosa
875 483 975 550 cedro.
988 486 1093 553 Tertio

50 569 145 650 ponit
157 569 294 628 studium
306 569 406 628 Circes
420 569 454 628 in
467 569 600 630 telarum
613 584 747 646 textura,
763 574 867 654 itaque
882 596 945 648 non
958 572 1095 642 lanificio
1170 637 1177 648 ,

51 667 107 714 aut
119 658 189 716 acui
202 651 325 716 addicta
340 667 420 731 erat,
432 668 467 716 ut
476 655 586 736 molles
598 657 737 733 feminae3
752 658 806 718 sed
817 660 900 737 telis,
915 683 984 743 quae
993 660 1095 732 homi·

50 765 132 806 num
144 758 230 819 sunt,
247 759 277 806 et
291 767 366 827 quas
380 745 579 828 percurrebat
592 749 729 828 pectine,
747 747 797 809 vel
809 753 948 824 sonanti,
962 750 1011 810 vel
1025 771 1095 832 grae

51 831 122 906 cili;
137 832 176 894 de
189 856 251 916 quo
264 833 411 916 legendus
423 847 467 895 est
481 838 633 896 Excursns
644 836 685 912 ΙΙ,
694 836 758 898 vol.
767 838 825 912 ΙΙΙ,
835 859 905 920 pag.
917 838 985 914 354.
994 841 1097 902 Vocat

48 917 140 992 lucos
160 921 262 982 Circes
279 925 436 984 inaccessos
452 923 490 983 ab
508 925 635 1001 timore,
654 926 741 1005 quasi
757 945 823 985 non
839 939 908 986 tuto
925 926 1095 997 adeundos,

51 1009 181 1072 Resonet
195 1005 273 1070 lucos
285 1023 389 1086 cantu,
401 1025 464 1087 est,
476 1009 549 1072 facit
560 1032 720 1088 resonare,
732 1012 921 1094 explicatore
933 1014 1047 1074 Servio.

84 1094 143 1156 -15.
157 1095 285 1157 Audiuit
297 1100 329 1156 in
342 1099 411 1181 ipso
427 1121 516 1161 cursu
531 1103 641 1160 AEneas
654 1115 811 1182 gementes
825 1113 918 1183 atque
933 1102 1097 1161 irascentes

48 1179 174 1258 leones,
193 1205 277 1261 sues,
296 1197 388 1268 atque
404 1209 492 1248 ursos
508 1191 686 1266 sevientes,
705 1189 798 1272 lupos
813 1188 985 1249 ululantes:
1007 1188 1097 1266 dicit,

49 1271 202 1348 exaudire,
214 1271 328 1351 sevire,
338 1274 466 1352 ululare,
476 1299 551 1361 pro,
563 1276 825 1354 exaudiebantur,
835 1277 1016 1353 saeviebant,
1026 1276 1097 1337 ulu-

48 1358 177 1421 labant:
192 1361 280 1439 dicit,
293 1385 354 1425 seru
367 1380 463 1442 nocte,
475 1368 549 1448 quia
563 1367 712 1428 credibile
727 1387 795 1428 sero
810 1367 909 1431 noctis
921 1366 1047 1426 AEneam
1059 1385 1096 1425 eo

49 1449 224 1538 appulisse,
243 1455 297 1536 qui
315 1456 407 1515 initio
426 1459 529 1516 noctis
547 1458 655 1518 Caieta
673 1455 816 1518 solverat.
835 1455 977 1521 nudata
991 1453 1096 1524 leones

49 1533 202 1622 explieat,
216 1541 398 1620 frementes,
410 1557 504 1627 atque
517 1545 728 1626 indignantes.

95 1646 141 1706 19.
155 1629 296 1712 Explicat
304 1629 386 1712 jam,
401 1652 470 1714 quoe
483 1630 531 1692 bre
542 1632 634 1694 ferae:
651 1635 801 1694 nimirum
813 1631 956 1694 homines
971 1628 1096 1692 inferas

49 1716 194 1788 conversi
207 1719 321 1784 saevitia
334 1719 455 1793 Circes,
468 1717 636 1784 herbarum
652 1723 804 1803 potentia.

93 1819 141 1874 ar,
160 1803 205 1868 Ne
219 1803 295 1886 quid
310 1804 410 1866 simile
421 1804 549 1888 Trojani
560 1822 756 1890 paterentur,
774 1827 854 1889 quos
868 1809 936 1889 pios
950 1817 1042 1866 vocat
1055 1801 1095 1871 ab

48 1889 166 1969 pietate
181 1889 270 1952 ducis
285 1894 400 1970 AEneae,
418 1895 583 1977 Neptunus
598 1898 767 1958 secundam
778 1898 950 1958 admodum
967 1897 1095 1976 naviga

49 1975 172 2036 tionem
186 1977 249 2039 illis
262 1981 412 2062 praebuit,
426 1981 509 2064 fugae
517 1985 723 2066 persimilem,
732 1987 875 2066 vexitque
885 1983 1009 2046 classem
1020 2003 1095 2065 prae-

47 2077 98 2122 ter
109 2066 190 2126 vada
200 2067 335 2145 fervida,
355 2084 448 2152 atque
462 2086 611 2150 aestuosa,
626 2095 661 2136 ac
674 2072 807 2156 proinde
818 2072 1002 2155 periculosa.
1018 2070 1095 2132 Sub·¹

47 2165 124 2212 eant
133 2155 307 2234 beatorem,
320 2180 389 2240 quae
399 2161 560 2242 Neptunus
569 2164 713 2244 promisit
722 2163 835 2222 Veneri
845 2161 884 2220 ad
893 2160 1008 2220 calcem
1019 2155 1093 2216 libri

48 2243 79 2301 V
95 2241 240 2306 AEneidos
254 2248 287 2306 in
298 2247 436 2309 favorem
452 2253 564 2311 AEneae.
583 2286 621 2296 -
635 2254 709 2311 Dira
727 2248 825 2324 litora,
847 2261 919 2310 sunt
932 2249 999 2328 jam
1014 2245 1095 2308 male

47 2334 207 2407 ominata,
220 2349 252 2394 et
264 2336 394 2397 infamia
410 2339 505 2400 simili
520 2362 671 2402 successu.

89 2421 140 2481 25.
157 2422 283 2483 Habent
300 2424 363 2485 duo
380 2446 487 2489 versus
505 2430 745 2510 descriptionem
762 2429 891 2489 orientis
906 2445 1040 2500 aurorae,
1059 2425 1093 2482 in

49 2509 167 2590 quibus
185 2511 281 2570 mirus
299 2527 466 2594 apparatus
483 2535 520 2575 ex
541 2513 716 2590 coloribus,
736 2516 848 2590 rubro,
867 2535 971 2588 roseo,
992 2513 1093 2584 luteo,

49 2595 165 2676 quibus
176 2595 282 2658 fulsit:
299 2621 335 2662 ex
349 2603 446 2678 mari,
461 2604 493 2662 in
509 2603 593 2686 quod
606 2605 745 2686 primum
759 2601 891 2683 conjecit
903 2599 1004 2661 lucem
1018 2620 1094 2682 pur·

47 2699 262 2776 purascentem
273 2711 280 2746 ε
291 2709 328 2749 ex
336 2689 462 2768 retbere,
472 2691 557 2753 unde
564 2691 699 2752 adducta
709 2714 716 2750 z
727 2693 866 2772 exbigis,
877 2690 989 2772 quibus
996 2704 1092 2750 vecta.

90 2795 140 2858 27.
160 2777 300 2860 Cessavit
313 2793 440 2864 ventus,
454 2784 587 2866 cessarit
600 2781 707 2862 ilatum
721 2802 757 2861 ac
771 2777 906 2864 proinde
920 2799 1013 2840 naves
1027 2799 1092 2838 non

50 2955 78 3000 et
87 2961 163 3010 voce,
173 2945 201 3004 id
210 2959 259 3013 est,
269 2961 349 3003 cantu
358 2950 507 3008 insidiatur.
516 2953 550 3012 D..
595 2951 686 3012 herbis
697 2949 851 3022 potentibus
864 2965 940 3013 aare.
957 2945 1034 3012 Circe
1046 2961 1093 2995 an·

51 3052 86 3062 —
96 3024 137 3096 An
148 3025 242 3078 cedrus
253 3029 281 3078 in
292 3027 394 3082 deliciis
404 3031 485 3084 fuerit
494 3031 552 3084 Cir·
596 3045 649 3084 tem
662 3031 724 3084 ideo
740 3030 807 3084 Solis
824 3028 931 3101 lingitur
944 3024 1012 3089 filia,
1030 3025 1093 3094 quia

52 3121 96 3169 ces
110 3101 229 3176 disputat
236 3105 345 3160 Salmas.
354 3110 465 3162 Pliniau.
477 3131 551 3164 exer·
596 3111 742 3170 clarissima
757 3109 881 3162 meretrix
898 3107 962 3166 luit;
981 3115 1008 3156 et
1025 3099 1092 3152 nihil

50 3183 206 3254 cit-p.951.
218 3184 297 3238 Cedri
307 3189 334 3239 in
344 3187 418 3260 Syria
424 3203 552 3261 praestan·
596 3202 636 3246 est
647 3190 707 3244 Sole
722 3189 828 3242 clarius.
844 3187 905 3238 Haec
920 3182 1030 3235 libidine
1045 3199 1094 3244 sua

51 3263 158 3320 tissime
172 3277 238 3326 teste
248 3267 451 3342 Theophrasto,
463 3270 550 3323 Plant.
596 3282 622 3322 et
641 3269 829 3322 blandimentis
846 3267 968 3318 homines
986 3265 1013 3315 in
1031 3261 1093 3324 feri7

52 3344 85 3408 V,
96 3361 122 3413 9·
135 3346 257 3406 Emmen.
595 3369 657 3418 pam
666 3352 748 3402 vitam
759 3349 793 3401 ab
803 3347 920 3398 bumana
928 3342 1093 3406 deducebat,

91 3424 132 3475 16.
155 3425 312 3480 Rudentum.
335 3428 501 3498 Naturaliter
521 3449 551 3482 m
595 3442 626 3488 ut
637 3427 744 3480 libidini
753 3439 780 3479 et
791 3423 973 3495 voluptatibus
984 3439 1093 3492 pperam

52 3501 135 3575 longa
144 3517 192 3556 est.
200 3505 319 3570 Persius,
332 3509 454 3562 -rtndor
463 3521 493 3562 ut
504 3511 551 3572 Δις
595 3506 705 3560 darent:
720 3503 791 3556 unde
800 3503 878 3570 datus
886 3514 926 3554 est
933 3500 1008 3552 locus
1015 3500 1092 3560 fabu7

52 3582 137 3635 cadite
143 3586 271 3656 pecuaria
278 3585 374 3639 rudere
382 3587 465 3641 dicas.
475 3588 552 3661 »Sys-
595 3584 626 3646 1,ae
638 3596 744 3655 apertoe-
755 3581 1025 3642 Set'v·-P⁰l⁸t¹1²'b¹t³
1037 3578 1092 3642 ders

53 3663 135 3732 tolepr
154 3683 217 3736 ergo
238 3666 311 3718 fecit.
332 3666 442 3720 Rediens
462 3681 551 3736 autem
595 3665 644 3732 bin·
666 3681 780 3734 quarum
803 3663 878 3733 origo
902 3673 959 3713 toto
983 3663 1055 3714 vonit
1076 3683 1093 3734 a

51 3745 162 3816 proprie
179 3757 219 3808 est
235 3745 370 3796 asinorum
384 3745 502 3805 elamor:
521 3759 551 3814 ut
595 3746 684 3802 Circe;
697 3761 759 3794 nam
767 3741 868 3812 alioqui
875 3740 1093 3813 ltaliubenignis·¹

50 3824 205 3899 praevenitur,
225 3842 369 3896 porcorum
384 3845 390 3874 ι
410 3843 549 3892 ranarum,
593 3827 662 3887 sima
672 3837 802 3875 terrarum
814 3822 873 3872 fnit.
886 3821 950 3890 Plio.
963 3821 1047 3890 XXY3
1067 3840 1093 3895 2,Δ

52 3923 134 3956 coax:
155 3922 213 3974 quae
232 3904 340 3956 nomina
357 3922 373 3956 a
391 3922 457 3956 sono
476 3907 549 3957 vocis
630 3919 671 3954 21.
694 3903 737 3954 Pii
752 3911 903 3974 paterentur
919 3899 1001 3968 Troes.
1020 3902 1092 3974 Ergq

52 3995 159 4044 constat
168 4001 225 4036 esse
238 3985 394 4054 compositu.
405 3985 473 4037 Seru.
593 3983 668 4054 impii
676 3979 909 4054 quipertnlerunt:
920 3979 995 4050 impii
1002 3991 1090 4052 antem

91 4081 130 4134 19.
152 4064 207 4116 Dea
221 4081 301 4125 strum·
320 4076 365 4116 aut
380 4083 427 4136 per
443 4083 482 4125 sc,
505 4077 551 4117 aut
593 4074 705 4134 propter
712 4059 876 4128 occisaSolis
885 4059 1010 4125 armenta.
1020 4058 1092 4130 Sero,
