2676 4602
235 264 298 330 302
562 253 939 320 COMMENTARIA

235 383 382 450 Demoleo
394 383 425 441 in
440 383 564 442 victoria
577 375 763 455 detraxerat,
776 401 836 460 qua
849 380 975 442 indutus
986 381 1157 444 Demoleos
1171 385 1272 446 affere·

234 475 287 536 bat
301 473 427 532 exitium
442 483 470 526 et
485 468 656 526 vastitatem
670 465 855 547 Phrygibus.
866 468 1009 528 Extrema
1023 467 1090 530 haec
1100 469 1172 550 jam
1187 476 1272 554 perti·

234 573 310 622 nent
324 557 359 618 ad
374 553 676 618 commendationem
689 555 806 629 loricae3
819 574 887 635 quae
901 555 1135 618 commendatio
1151 561 1272 639 quintu-

234 649 302 730 plex
313 669 319 705 :
331 647 430 730 prima
439 688 449 720 ,
459 642 542 726 quod
557 641 686 702 allatura
697 657 771 702 esset
783 641 941 704 Mnestheo
952 665 1017 706 non
1025 644 1165 725 gloriam
1176 649 1271 709 solum

234 755 268 794 ac
281 733 385 807 decus,
398 730 449 792 sed
465 732 556 790 etiam
568 729 751 790 tuitionem:
767 729 879 806 altera,
892 730 974 811 quod
985 732 1088 796 AEneae
1098 747 1179 794 tunc
1194 749 1271 808 esset,

233 844 303 908 quae
316 823 381 888 laus
395 842 459 880 non
474 819 597 880 modica
609 842 616 878 ε
627 821 730 895 tertia,
744 819 826 900 qnod
838 821 923 901 prius
932 821 1076 883 Demolei
1088 821 1211 896 fuisset,
1222 825 1271 883 viri

232 912 412 976 fortissimi:
430 923 556 990 quarta,
574 909 659 991 quod
673 911 707 970 in
726 911 909 983 certamine,
928 929 1027 990 eoque
1045 909 1232 986 decennali,
1249 924 1272 970 et

234 1016 309 1070 ante¹
327 1002 441 1062 moenia
452 999 602 1080 Trojano,
616 1013 721 1080 crepta
741 1012 818 1062 esset
835 997 933 1072 hosti,
951 999 1168 1079 gloriosissimi
1185 1001 1272 1082 spolii

232 1093 302 1154 loco
316 1113 323 1148 ε
340 1094 463 1171 quinta,
476 1089 560 1170 quod
572 1110 609 1148 eo
621 1102 696 1150 esset
709 1087 844 1168 pondere
857 1101 984 1170 propter
1000 1089 1212 1170 multiplicem
1229 1091 1271 1149 in·

232 1181 398 1244 nexionem
411 1179 553 1242 liciorum
563 1177 804 1258 humorumque,
819 1191 854 1238 nt
867 1179 917 1236 vix
929 1177 1015 1240 illam
1027 1177 1147 1240 ferrent
1162 1177 1268 1240 famuli

233 1270 306 1332 duo.
322 1270 358 1330 ln
372 1270 540 1351 particula,
554 1281 601 1341 ot,
628 1289 723 1348 quum
739 1270 796 1344 ait,
812 1266 928 1328 indutus
941 1280 973 1328 ot
983 1265 1071 1342 olim,
1087 1282 1146 1329 etc.
1165 1269 1268 1330 eadem

233 1359 280 1418 vis
293 1377 328 1418 ac
340 1377 450 1438 supra=
466 1357 553 1436 quasi
572 1355 676 1419 dicat:
698 1356 746 1414 vix
764 1355 891 1416 loricam
909 1354 1130 1422 fercbcntdno
1145 1356 1270 1430 famuli,

233 1467 330 1527 quum
344 1458 445 1504 tamen
465 1443 630 1506 Demoleos
648 1441 776 1504 indutus
790 1441 843 1504 illa
854 1445 949 1512 Troas
965 1455 1084 1522 ageret,
1101 1443 1137 1502 in
1151 1443 1270 1526 fugam-

233 1553 294 1614 que
307 1545 444 1592 verteret.

274 1621 340 1684 266.
355 1621 474 1680 Tertius
487 1619 570 1698 Gyas
583 1617 696 1698 accipit
709 1635 765 1698 pro
778 1617 906 1696 praemio
916 1615 994 1676 dnos
1003 1615 1134 1692 lebetes,
1147 1615 1267 1699 cymbia

233 1709 327 1768 etiarn
342 1705 422 1766 duo:
437 1705 666 1774 commendatio
678 1701 830 1778 lebetum,
845 1705 917 1783 quia
929 1724 965 1764 ex
976 1723 1051 1778 ere,
1063 1705 1270 1786 cynrbiorum,

233 1797 306 1877 qnia
319 1816 355 1856 cx
367 1807 485 1876 argento
498 1817 506 1852 .·
522 1795 556 1852 in
569 1793 710 1864 materia3
724 1804 837 1850 etcum
849 1794 939 1876 signis
949 1795 1070 1872 asperis,
1083 1791 1145 1853 boc
1157 1792 1198 1861 ad
1208 1792 1269 1854 for·

233 1903 315 1942 marn
332 1883 478 1962 pertinet;
493 1893 522 1939 et
536 1881 642 1939 omnia
655 1879 791 1962 perfecta.

273 1971 340 2030 268.
355 1969 480 2028 Habent
495 1967 560 2026 haec
575 1965 747 2047 jucundam
763 1967 959 2026 varietatem:
977 1965 1127 2028 incedunt
1146 1969 1272 2028 victores

234 2077 304 2120 cum
317 2055 422 2131 donis,
437 2070 466 2114 et
480 2057 622 2130 coronis,
635 2069 726 2134 atque
739 2055 847 2116 eodem
861 2069 1000 2136 tempore
1015 2057 1171 2136 Sergestus
1182 2059 1271 2116 miser

234 2149 297 2228 agit
309 2165 419 2204 navem
431 2145 567 2218 irrisam,
582 2155 612 2202 et
624 2143 690 2202 sine
704 2141 836 2218 honore,
849 2165 943 2224 qnam
958 2145 1007 2204 vix
1019 2145 1123 2225 potuit
1130 2144 1272 2204 revellere

232 2233 272 2294 ab
283 2230 421 2312 scopulo,
429 2233 461 2293 in
474 2251 566 2312 quem
577 2229 761 2290 seinduerat
770 2253 776 2288 :
786 2231 948 2312 scopulum
959 2251 1067 2302 soevum
1078 2231 1166 2308 dicit,
1179 2231 1211 2290 id
1222 2245 1272 2306 est,

233 2322 362 2394 durum;
376 2340 506 2400 eamque
525 2321 603 2399 agit,
616 2321 729 2392 amisso
746 2318 936 2388 uno,ordine
950 2339 1119 2378 remorum.
1134 2321 1208 2380 Dixi
1221 2317 1271 2378 has

233 2422 367 2490 quatuor
381 2420 566 2468 certatorum
577 2426 669 2466 naves
680 2405 775 2466 fuisse
788 2407 942 2482 triremes,
954 2405 1014 2466 hoc
1028 2419 1087 2480 est,
1099 2405 1219 2486 triplici
1232 2425 1272 2466 re·

232 2498 353 2576 migurn
365 2493 473 2562 ordine
485 2514 637 2574 :quorum
650 2515 748 2560 unum
760 2496 904 2554 amiserat
913 2496 1000 2554 navis
1012 2495 1160 2574 Sergesti:
1171 2495 1271 2576 itaque

234 2580 456 2652 claudicantem
473 2601 585 2640 navem
601 2603 671 2642 cum
688 2583 752 2642 risu
766 2582 894 2662 Trojani
912 2583 1084 2664 accipiunt,
1103 2601 1171 2643 non
1190 2581 1272 2640 aliter

233 2684 324 2750 atque
338 2670 371 2730 in
385 2669 513 2730 coetibus
527 2667 594 2729 fieri
609 2671 699 2744 solet,
718 2671 824 2750 siquis
838 2669 983 2730 adveniat
998 2687 1070 2728 curn
1088 2669 1207 2750 insigni
1220 2666 1272 2726 ali-

233 2781 293 2843 qua
306 2758 502 2823 deformitate
513 2763 661 2842 corporis.

272 2849 340 2931 ηδ.
355 2850 509 2908 Sententia
520 2861 580 2923 est,
592 2836 703 2908 narem
718 2848 760 2906 ita
774 2865 805 2906 se
816 2843 1135 2918 tardecommovisse,
1148 2857 1188 2902 ut
1202 2843 1273 2904 solet

231 2958 369 3021 serpens,
389 2959 482 3020 quem
493 2951 545 3006 aut
562 2953 632 2998 rota
647 2957 770 3013 currus,
791 2949 846 2995 aut
858 2955 965 2996 saxum
980 2935 1109 2994 viatoris
1128 2936 1273 3010 contrivit

231 3119 234 3126 ·
270 3089 328 3141 261.
339 3089 479 3141 Simoenta.
492 3087 571 3138 Venit
583 3105 599 3138 a
610 3089 729 3142 nomina·
772 3099 904 3140 texturam
922 3084 1034 3138 trilicem
1058 3083 1155 3138 laudat
1176 3086 1270 3139 Demo·

232 3171 287 3221 tivo
300 3168 407 3231 Graeco,
424 3168 517 3217 nonin
530 3185 562 3229 u,
580 3166 627 3217 sed
641 3169 669 3217 in
680 3187 726 3231 ur,
772 3165 861 3234 lenm,
884 3167 947 3237 quia
966 3165 1013 3216 illa
1036 3180 1158 3216 armatus
1180 3166 1272 3238 egebat

233 3260 344 3302 exeunte
362 3267 368 3296 :
387 3257 418 3296 ut
439 3241 535 3310 σιμᾶικ,
557 3243 677 3308 aiginane.
696 3273 730 3286 -·
772 3245 871 3297 hostes.
882 3243 987 3296 Laudat
996 3245 1079 3315 magis
1090 3244 1271 3314 AEneam,qui

232 3329 285 3382 Sub
295 3327 346 3378 Ilio
359 3323 421 3375 alto.
435 3321 553 3374 Obreris
564 3321 591 3372 fit
602 3337 729 3394 sequente
773 3326 848 3378 illum
855 3327 948 3377 vicerit
958 3343 988 3376 ac
996 3323 1169 3394 spoliaverit,
1178 3337 1206 3376 et
1215 3344 1270 3396 por

232 3405 328 3459 vocali.
345 3405 413 3456 Serv.
429 3429 463 3440 -—
476 3401 627 3454 Graecorum
646 3405 730 3457 imita·
774 3407 877 3460 tarerit.
888 3403 991 3456 Laudat
1001 3421 1075 3468 enm,
1085 3405 1131 3454 cui
1140 3403 1269 3466 donatur,

234 3487 320 3548 tione,
334 3483 379 3550 qui
392 3498 440 3549 pro
455 3481 561 3532 Poetica
573 3487 730 3554 opportuni·
774 3489 837 3555 quia
854 3497 881 3537 et
896 3486 953 3556 ipse
967 3496 1077 3554 portare
1093 3487 1198 3555 optime
1214 3503 1270 3556 pos·

232 3575 288 3614 tate
304 3573 330 3610 et
348 3559 472 3624 modulo,
492 3560 534 3614 vel
552 3562 668 3629 elidunt,
686 3565 730 3615 vel
773 3578 825 3630 set,
839 3579 864 3616 et
876 3564 936 3616 ideo
951 3577 1020 3617 esset
1036 3564 1134 3636 dignus
1147 3566 1231 3619 dono,

233 3641 348 3716 retinent
357 3637 475 3690 vocalem
485 3643 653 3713 corripiendo
664 3655 725 3694 ante
807 3644 865 3714 269.
873 3645 992 3696 Puniceis
1000 3642 1079 3696 cents.
1087 3646 1169 3696 Vittis
1177 3647 1268 3698 roseis:

232 3719 360 3774 vocalem.
770 3735 796 3776 et
810 3722 940 3794 significat
953 3723 1125 3796 lemniscatas
1141 3744 1268 3788 coronas,

270 3797 328 3850 262.
342 3798 459 3850 Decuret
469 3809 592 3855 tutamen.
602 3801 671 3867 Quia
679 3802 726 3851 tri·
771 3819 829 3872 queo
840 3815 901 3852 sunt
916 3801 949 3854 de
961 3803 1103 3854 frondibus
1116 3817 1144 3856 et
1157 3805 1270 3858 discolo-

233 3878 294 3952 plex
301 3889 327 3928 et
337 3893 424 3930 aurea.
435 3879 539 3930 Seru-
550 3881 726 3953 DecusProp-
769 3881 841 3932 ribus
854 3884 944 3934 fasciis
955 3905 961 3934 :
975 3895 1002 3934 et
1013 3885 1081 3933 sicut
1095 3882 1163 3936 dicit
1174 3887 1267 3948 Varro,

233 3973 273 4020 ter
289 3974 389 4009 aurum.
406 3985 440 3996 ··-
460 3957 594 4009 Tutemen.
614 3959 725 4026 Propter
769 3964 858 4033 magni
873 3961 983 4015 honoris
995 3976 1064 4017 snut
1081 3965 1266 4019 Tanisautem
