2644 4614
280 305 332 366 IN
355 303 590 368 AENEIDOS
614 305 707 367 LIB.
731 305 818 368 Vll.
1006 313 1063 392 461
1094 331 1098 342 ’

2 427 93 486 «lam
111 427 206 488 niodo
219 427 352 489 fiebant:
366 432 472 488 Turno
483 448 556 488 vero
566 429 775 487 tristissimum
786 431 895 490 mortis
907 452 1002 511 genus
1014 439 1071 495 mi-

4 518 159 590 nitatur,
174 517 226 597 qni
238 537 306 576 sero
318 515 444 576 tandem
455 518 535 576 Deos
548 516 709 596 agniturus
722 520 775 592 sit,
788 540 866 598 quos
878 541 962 581 nunc
973 543 1072 607 oppu-

4 616 100 684 gnat
113 623 170 684 per
182 625 339 664 summum
351 603 447 664 nefas.

58 689 135 770 598.
157 689 273 772 sejam
293 694 336 752 ait
354 693 388 750 in
407 705 475 751 tuto
493 689 576 764 fore,
596 704 632 750 ut
649 691 698 749 cui
716 703 803 772 parta
822 694 861 752 sit
877 697 979 774 quies3
998 721 1073 760 narn

5 793 136 858 portus
147 781 316 842 tutissimus
329 781 438 840 mortis
451 778 509 838 sibi
519 775 584 858 jam
598 777 683 838 adest
696 779 729 837 in
743 779 867 856 limine,
883 785 937 862 qui
951 798 1074 848 tantum

4 867 173 928 felicitate
193 869 312 930 funeris
334 882 363 928 et
384 869 597 949 exsequiarum
615 869 655 927 sit
674 869 845 929 cariturus:
871 876 957 951 quasi
975 875 1073 954 dicat3

5 955 99 1015 felix
115 956 162 1016 fui
178 960 210 1016 in
226 960 314 1018 omni
333 961 395 1018 vita
414 979 513 1039 nsque
532 956 571 1016 ad
588 970 756 1016 extremam
774 971 976 1034 senectutem3
995 963 1076 1026 nihil

2 1042 87 1124 jam
107 1046 223 1121 timeo,
245 1050 304 1106 nisi
324 1045 480 1106 infelicem
499 1047 714 1126 exsequiarum
734 1043 905 1121 honoren13
926 1046 977 1107 hic
991 1053 1076 1111 enim

7 1133 100 1192 felix
110 1153 175 1192 esse
184 1135 358 1214 nequiverit
368 1146 487 1194 armata
496 1133 584 1193 urbe.
595 1135 669 1192 Haec
680 1153 777 1214 quum
787 1132 925 1208 dixisset,
941 1135 1077 1198 vidisset·

9 1243 88 1302 que
102 1243 135 1282 se
149 1244 213 1283 non
226 1244 315 1304 posse
327 1224 465 1284 turbatas
478 1243 524 1282 res
540 1243 746 1304 componere,
767 1224 937 1305 parietibus
951 1246 983 1284 se
1001 1249 1076 1288 con-

11 1309 127 1384 didit,
143 1311 343 1370 simulatione
356 1310 491 1392 quadam
504 1311 602 1386 relicti
616 1313 725 1390 Regni.

60 1399 138 1457 601.
153 1400 237 1458 Dicit
248 1421 367 1460 morem
381 1399 476 1458 fuisse
489 1400 523 1458 in
535 1399 624 1458 Latio
638 1399 677 1458 ad
690 1397 854 1458 indicenda
869 1400 968 1477 bella,
984 1424 1076 1484 quem

12 1487 145 1550 deinde
156 1486 252 1562 Alba,
273 1511 307 1548 ac
324 1510 397 1548 mox
411 1491 510 1550 Roma
528 1490 659 1568 accepit;
680 1487 774 1547 modo
792 1487 909 1547 bellum
926 1491 1078 1554 inferatur

13 1577 134 1647 Getis,
156 1589 209 1636 aut
228 1578 398 1658 Hyrcanis,
423 1588 477 1636 aut
494 1576 665 1650 Arabibus,
686 1590 740 1635 aut
760 1575 860 1652 ludis,
881 1591 935 1637 aut
952 1583 1078 1662 populis

14 1665 261 1742 Orientalibus,
285 1679 339 1726 aut
359 1664 490 1728 Parthis.
516 1668 569 1724 Est
589 1668 738 1747 protinus,
764 1668 933 1742 continuo,
957 1669 1078 1733 deinde.

14 1758 51 1814 H
54 1774 104 1813 aec
117 1757 286 1816 sententia:
302 1753 374 1814 vide
388 1774 462 1814 vero
476 1774 538 1834 quo
552 1767 704 1835 apparatu
717 1751 884 1814 verborum
898 1755 1018 1818 aditum
1033 1760 1078 1819 fa·

15 1846 93 1903 ciat
108 1843 147 1902 ad
161 1844 395 1907 celeberrimum
411 1862 531 1902 morem
547 1841 786 1924 explicandum,
802 1865 864 1925 qua
877 1847 1079 1926 magnificen-
1132 1892 1134 1896 .

16 1935 70 1992 tia
89 1933 258 2008 orationis,
278 1955 339 2014 qua
352 1953 454 1992 rerum
471 1931 701 1993 ostentatione?
719 1931 794 2013 quid
812 1954 877 1992 non
892 1938 1028 2017 concipis
1045 1959 1080 1996 ex

17 2020 139 2093 Latio,
159 2019 253 2096 Alba,
271 2020 392 2081 Romal
410 2018 486 2101 quid
501 2041 567 2080 non
584 2035 619 2079 ex
632 2022 736 2096 Getis,
755 2022 920 2102 Hyrcanis,
939 2024 1082 2084 Parthis?

19 2125 88 2170 etc.
103 2107 189 2168 Nihil
203 2125 284 2172 certe
295 2109 445 2193 grandius
457 2123 558 2190 potest
572 2111 755 2192 excogitari,
769 2110 884 2170 nedum
898 2109 999 2170 scribi.
1023 2177 1026 2182 ,

66 2197 143 2277 607.
158 2197 331 2278 Antequam
344 2218 465 2258 morem
481 2195 651 2272 describat,
672 2197 835 2278 praemittit
850 2217 1023 2257 sermonem
1041 2200 1080 2260 de

18 2285 132 2368 portis
146 2285 270 2358 Martis,
292 2299 323 2344 et
334 2287 425 2345 Jani:
448 2285 574 2356 Martis,
599 2286 673 2365 quia
687 2298 800 2364 apertae
816 2281 935 2342 bellurn
949 2299 1079 2346 notant:

20 2376 40 2432 l
44 2375 120 2447 ani,
136 2373 209 2452 qnia
221 2372 272 2434 hic
284 2375 367 2434 Deus
379 2375 504 2434 illarum
517 2386 637 2434 custos:
652 2394 726 2454 ergo
739 2373 783 2432 ait
796 2371 853 2432 has
865 2393 930 2456 esse
942 2373 1033 2451 duas,
1050 2391 1082 2438 et

21 2463 156 2524 habitas
170 2461 204 2520 iu
218 2462 399 2544 Religione:
415 2477 504 2524 erant
515 2462 578 2522 illis
590 2476 690 2522 vectes
702 2475 845 2536 centum,
868 2475 898 2522 et
911 2461 945 2522 hi
959 2469 1029 2524 aerei
1042 2465 1082 2524 ad

22 2553 212 2614 firmitatem
226 2574 232 2610 :
248 2566 336 2614 erant
347 2565 378 2614 et
389 2553 553 2636 repagula,
569 2565 599 2612 et
612 2551 677 2613 haec
692 2573 727 2612 ex
741 2551 842 2612 ferro:
857 2551 910 2612 illa
923 2555 1007 2614 enim
1018 2577 1083 2615 ver-

22 2642 90 2714 ba,
105 2651 269 2722 (eternaque
270 2639 347 2723 ferri
358 2639 476 2714 robora,
490 2639 528 2698 de
539 2639 710 2721 repagulis,
725 2651 778 2699 aut
787 2641 860 2698 seris
870 2643 1003 2722 accipio,
1016 2665 1082 2702 non

25 2730 71 2790 de
86 2725 242 2804 vectibus,
261 2750 301 2788 ne
316 2730 364 2790 bis
377 2729 518 2790 eamdem
530 2749 596 2790 rem
609 2728 700 2788 dicat.
720 2727 801 2788 lllud
814 2729 927 2804 Servii,
939 2744 1029 2810 portoe
1039 2753 1083 2790 sa»

69 2889 134 2960 596.
147 2892 274 2944 Omiseri.
284 2891 364 2944 Dolet
374 2909 465 2944 errore
473 2911 538 2964 pec·
580 2903 717 2962 postremo
730 2891 840 2942 Romam
853 2912 859 2940 :
877 2908 932 2942 non
945 2889 974 2941 id
985 2891 1080 2954 semel;

28 2974 171 3025 cantiumz
184 2971 273 3023 nullus
286 2973 356 3024 enirn
366 2974 453 3024 sciens
466 2971 539 3024 cadit
582 2989 643 3021 nam
651 2971 709 3021 AEn.
718 2971 743 3035 l,
757 2969 1081 3042 ugonusundeLatinurn,

28 3057 61 3114 in
74 3052 183 3102 foveam
193 3051 332 3104 scelernm.
340 3052 439 3103 'Donat
582 3049 732 3120 Albanique
744 3051 849 3114 Patres,
859 3062 939 3119 atque
950 3049 1009 3100 altre
1019 3069 1084 3102 moe·

71 3129 135 3198 ⁵98.
146 3129 227 3181 Parta
238 3133 316 3203 quies.
329 3130 435 3184 Scilicet
445 3133 539 3184 vicine
583 3130 629 3181 nia
647 3131 768 3180 Romae.»
792 3131 826 3180 Et
843 3127 890 3180 lib.
903 3130 936 3194 V,
959 3131 1083 3199 apriscos

31 3211 133 3262 mortis
145 3208 285 3262 beneficio.
295 3213 370 3262 -In
382 3210 473 3263 limine
480 3229 541 3283 por·
584 3208 946 3261 docuitcelebrareLatinos.
958 3232 969 3254 r
981 3209 1014 3260 Et
1021 3224 1085 3280 post

32 3301 86 3341 tus.
107 3287 241 3342 Securitas
260 3293 347 3343 omnis
366 3292 394 3342 in
412 3301 540 3361 promptu
584 3308 691 3360 pauca,
720 3289 840 3340 «Albani
864 3288 980 3342 docuere
1001 3308 1083 3356 auos,

34 3367 540 3442 est-Funereselicispolior.Exsequiis
585 3388 657 3420 nunc
673 3369 788 3420 maxime
803 3387 894 3419 rerum
907 3361 1019 3439 Accepit
1032 3371 1084 3421 llo-

34 3460 144 3502 tentum
154 3447 287 3520 regalibus
300 3468 388 3502 careo.
398 3451 469 3502 Serv.
585 3467 630 3500 rna
639 3471 667 3512 s,
680 3459 731 3498 etc.
744 3446 832 3500 Cerdo.

74 3527 540 3594 601.Moserat.Varrovnltmorem,
621 3527 682 3578 606.
695 3526 875 3598 Auroramque
888 3529 966 3599 sequi.
982 3529 1086 3600 lugenti

37 3625 212 3660 communem
237 3625 396 3658 consensum
422 3611 543 3661 omnium
587 3605 689 3660 ambitu
699 3605 765 3656 dixit
774 3607 863 3678 ipsum
873 3619 961 3658 ortum
971 3606 1025 3660 diei
1035 3628 1085 3680 pro

39 3687 122 3740 simul
137 3685 331 3752 habitantium,
349 3689 395 3756 qni
411 3689 543 3740 invetera·
587 3684 704 3757 populis.
717 3683 1088 3760 Serv.—Partltosqnerepos·

39 3780 100 3832 tus,
111 3764 332 3818 consuetudinem
346 3766 543 3818 facicseru-
587 3784 642 3818 cere
657 3765 738 3836 siqua.
754 3765 825 3828 Hoc,
840 3766 868 3814 iu
884 3764 1014 3818 honorem
1030 3771 1086 3820 Au-

43 3845 165 3898 Mecrob.
176 3846 226 3911 lll,
237 3845 252 3896 8
263 3864 269 3892 ε
279 3843 347 3896 Scal.
358 3845 386 3894 P.
397 3845 447 3909 lll,
460 3861 500 3913 17.
508 3873 544 3884 --
587 3845 659 3916 gusti
666 3845 770 3913 posuit:
785 3861 839 3912 qun
847 3845 995 3914 imperante
1003 3865 1019 3897 a
1027 3849 1088 3899 Par-

49 3925 125 3978 Urbes
132 3924 248 3977 Albane.
254 3923 322 3976 Vide
331 3923 459 3978 ordinem.
468 3927 543 3977 Prius
588 3923 640 3974 this
651 3924 834 3997 repetitarum
844 3926 933 3996 signa,
944 3943 1002 3996 quae
1010 3927 1088 3980 Cras-

42 4005 150 4058 Latimn
167 4005 302 4072 nominat,
319 4003 417 4060 deinde
432 4004 543 4071 Albam,
556 4060 559 4065 ,
589 4019 634 4056 sus
645 4003 767 4055 triumvir
780 4003 944 4075 perdiderat.
