2700 4586
253 319 312 384 132
580 311 961 377 COMMENTARIA

248 443 417 502 maximam
429 435 687 516 conquestionem
701 447 836 508 moveat,
849 445 879 494 et
891 434 1044 518 lacrymas
1058 435 1176 516 eliciat,
1189 439 1230 502 ab
1245 443 1289 502 iu-

249 533 319 590 vitis
336 530 439 589 etiam.
457 529 542 606 Ergo
554 526 710 586 excitatur
724 521 853 584 allectus
871 545 889 582 a
903 525 1098 602 conditione;
1118 543 1192 590 narn
1207 534 1287 612 regia

247 623 351 700 virgo,
364 617 429 678 filia
442 616 573 689 Priami,
585 628 615 674 et
627 612 740 674 deinde
751 612 937 688 Cassandra,
951 612 1012 676 hoc
1023 630 1082 692 est,
1095 629 1181 680 vates
1195 619 1285 702 Apol-

247 709 334 784 linis,
354 720 385 768 et
402 707 495 789 plena
511 706 655 779 numine,
677 717 742 764 tam
761 701 865 762 dirum
884 703 1003 764 malum
1021 708 1159 786 patitur:
1174 731 1193 768 a
1205 709 1285 782 loco;

247 820 320 860 nam
332 798 453 878 rapitur
464 811 482 854 a
492 793 625 875 templo,
637 807 668 852 et
676 793 824 852 Minervas
834 791 948 873 adytis,
960 793 1000 852 ad
1010 815 1079 875 quas
1087 797 1285 878 confugerat,

246 889 298 948 hic
307 885 372 968 jam
384 885 543 967 spernitur
554 883 663 963 religio
675 903 682 938 :
696 901 714 938 a
729 879 839 956 modo;
852 901 926 940 nam
941 879 1077 958 truditur,
1090 885 1179 965 quod
1190 885 1287 966 indig-

247 999 338 1052 num,
352 996 412 1057 qua
426 995 501 1034 voce
515 973 681 1054 captivitas
693 972 849 1046 innuitur,
860 984 893 1032 et
901 973 992 1052 passis
1004 972 1145 1048 cunilam,
1162 995 1199 1034 ac
1210 976 1286 1034 oinc-

247 1069 281 1127 tis
293 1061 440 1136 munibus,
455 1081 525 1142 quae
539 1073 655 1132 tenem5
670 1059 722 1118 cui
735 1058 1029 1142 insuperflupruntes
1042 1059 1120 1122 oculi
1132 1057 1243 1122 sublati
1253 1058 1289 1118 ud

247 1152 360 1216 caelum.
375 1151 452 1227 Quae
466 1147 532 1208 haec
546 1149 675 1229 species!
694 1146 778 1223 Quid
794 1149 819 1208 si
833 1148 987 1208 rationem
1003 1147 1114 1208 addas?
1133 1147 1288 1221 Tollebat,

246 1245 305 1318 ait,
317 1254 441 1302 tantum
451 1237 573 1310 oculos,
585 1255 660 1294 nam
672 1255 783 1294 manus
793 1256 857 1296 non
868 1248 1005 1315 poterat,
1017 1249 1052 1298 ut
1063 1236 1200 1318 illigatas
1209 1237 1287 1298 funi-

245 1331 316 1394 bus.
331 1327 473 1390 Tollebat
486 1344 559 1384 vero
572 1322 681 1384 oculos
694 1323 734 1384 ad
751 1322 863 1384 caelum
870 1325 1005 1407 frustm:
1020 1324 1097 1407 quid
1112 1325 1173 1386 hac
1186 1334 1220 1386 're
1233 1328 1287 1386 mi·

245 1418 361 1482 seriusl
371 1431 418 1478 est
430 1415 516 1476 enim
528 1412 776 1472 infelicissimum
787 1415 891 1474 vexari
906 1414 1130 1476 contumeliose
1142 1438 1162 1476 a
1176 1429 1286 1477 morta-

245 1511 343 1582 libus,
355 1525 456 1586 neque
468 1502 537 1582 opis
552 1499 671 1580 aliquid
686 1499 797 1568 adesse,
806 1502 925 1568 acatlo.

283 1594 353 1676 4⁰7·
363 1589 473 1668 Qualis
483 1587 557 1648 hinc
566 1589 703 1668 exsurgit
713 1588 840 1649 aflectus
850 1591 883 1648 in
894 1604 1018 1650 amante
1024 1591 1152 1670 juvenc!
1168 1592 1240 1654 inde
1249 1591 1286 1651 ad

246 1696 379 1762 mortem
393 1681 455 1740 ruit
469 1680 503 1737 in
518 1677 637 1738 medios
648 1676 772 1752 hostes,
782 1691 875 1760 atque
890 1699 998 1740 omnes
1013 1681 1124 1756 simul,
1139 1689 1217 1741 nam
1232 1681 1287 1741 huc

247 1790 292 1835 est
302 1771 423 1843 cuncti,
437 1768 476 1828 ad
489 1787 594 1828 necem
607 1765 771 1842 advolant3
784 1788 840 1828 nec
850 1782 1005 1830 terrentur
1012 1769 1210 1831 densissimis
1219 1771 1286 1832 bos·

249 1866 327 1922 tium
343 1859 447 1920 armis.
740 1917 744 1924 ,
1090 1886 1092 1892 ’

285 1949 355 2024 410.
365 1947 462 2008 Cessit
471 1943 562 2006 dolus
572 1941 735 2006 inleliciter
744 1939 904 2026 Trojauis3
916 1966 990 2006 nam
1003 1948 1157 2028 quierant
1166 1950 1287 2010 insum·

248 2035 300 2100 mo
319 2033 437 2121 templo
456 2033 619 2106 Minerva,
639 2033 723 2094 unde
741 2047 880 2094 extracta
898 2048 944 2096 est
962 2035 1151 2110 Cassandra,
1171 2038 1286 2120 decepti

246 2128 328 2188 faeie
339 2125 513 2204 insignium
525 2121 724 2196 Groecorum,
734 2123 769 2183 in
783 2143 868 2198 suos,
881 2134 916 2182 ut
929 2125 964 2182 in
975 2121 1095 2198 hostes,
1108 2123 1171 2183 tela
1185 2125 1287 2185 omnia

247 2213 436 2296 conjiciunt:
459 2211 532 2272 inde
549 2207 638 2270 nullo
654 2209 837 2273 discrimine
852 2211 1036 2272 miserabilis
1050 2211 1151 2272 tudes
1164 2229 1285 2274 exorta:

247 2318 294 2364 est
306 2300 394 2364 telum
404 2297 554 2381 quicquid
567 2300 690 2358 eminus
698 2296 823 2380 jacitur.
835 2301 895 2360 Per
905 2299 1022 2360 faeiem·
1031 2314 1191 2360 umorum
1202 2301 1287 2361 intel

248 2393 310 2471 lige
321 2387 385 2456 ridor
399 2389 497 2462 utos,
511 2407 585 2448 nam
596 2385 742 2448 videlicet
753 2375 875 2469 decepli
886 2390 978 2470 specie
990 2389 1117 2468 Trojani
1125 2401 1212 2451 sunit

286 2474 356 2551 413.
369 2475 406 2534 ln
417 2471 567 2534 conflictu
581 2475 642 2532 isto
654 2473 781 2554 Trojani
795 2477 929 2538 victores
942 2476 1091 2538 fuerunt:
1104 2477 1285 2539 indeGraeci

248 2565 322 2646 aegri
340 2563 453 2625 amissa
470 2561 592 2643 proeda,
615 2577 645 2622 et
663 2563 748 2624 avidi
767 2563 986 2648 recuperandas
1004 2565 1172 2641 invadunt3
1198 2565 1286 2630 multi

248 2651 387 2732 undique
396 2648 533 2710 collecti.
539 2653 585 2710 Tu
598 2649 650 2710 hic
664 2649 804 2713 deforme
816 2652 1027 2734 spectaculum
1041 2655 1221 2730 considera,
1233 2673 1286 2714 ca*

247 2745 299 2804 des
310 2753 454 2818 mutuas,
468 2737 618 2802 clamores
632 2741 791 2815 dissonos3
807 2755 838 2802 et
852 2756 964 2824 reputa
977 2757 1042 2803 tarn
1055 2743 1175 2802 turbidi
1189 2742 1285 2824 praelii

247 2830 462 2912 prtedamesse
475 2830 600 2890 unicam
616 2831 785 2912 virginem,
804 2852 899 2914 quam
916 2830 992 2892 hinc
1008 2830 1082 2892 inde
1097 2830 1240 2910 Troiani,
1258 2839 1285 2888 et
1327 2839 1328 2848 ³

243 2921 346 2981 Gracci
358 2919 519 2979 certabant
533 2940 652 3001 rapere.
1327 2949 1328 3000 .

285 3007 355 3083 416.
367 3007 567 3087 Comparatio
580 3027 597 3066 a
608 3011 723 3084 ventis,
735 3011 790 3094 qui
803 3029 901 3091 quum
911 3010 1033 3070 adversi
1042 3013 1201 3090 pugnant,
1213 3007 1284 3067 acri·

246 3113 294 3161 ter
307 3105 467 3176 pugnant:
485 3104 593 3172 estque
606 3093 721 3175 duplex
733 3096 863 3158 effectus
878 3095 972 3178 hujus
987 3097 1166 3158 certaminis
1180 3109 1285 3156 vento·
1327 3109 1328 3175 y

247 3203 333 3260 rum,
345 3179 489 3240 videlicet
502 3181 630 3259 agitatio
645 3182 815 3262 sylvarum,
828 3193 858 3246 e't
870 3188 965 3246 maris
977 3209 983 3246 :
997 3185 1059 3246 illm
1071 3186 1215 3260 strident,
1228 3184 1284 3245 hoc

248 3284 394 3332 movetur
404 3289 439 3327 ex
451 3265 550 3326 fundo
564 3269 643 3343 imo,
657 3273 801 3334 saevier'rte
813 3277 912 3335 Nereo
927 3295 1000 3335 cum
1013 3273 1158 3336 tridente.

249 3401 358 3463 merito,
370 3415 402 3450 ac
414 3411 478 3461 suo,
493 3413 547 3446 non
559 3397 611 3448 nisi
625 3415 684 3448 cum
699 3397 746 3450 bo-
825 3403 885 3469 416.
898 3401 1012 3455 Adverti.
1025 3402 1171 3454 Contrariis
1182 3419 1197 3452 e
1209 3399 1284 3470 parti·

244 3479 329 3527 'arastis
350 3474 458 3546 quidem
481 3473 575 3526 officiis
601 3475 744 3528 multorum
789 3481 838 3532 bus
846 3481 1030 3534 tenremonde
1038 3495 1064 3532 et
1072 3479 1282 3532 saeviorturbatio

249 3554 339 3606 decuit
353 3553 453 3630 efferri.
465 3553 562 3605 Donat.
579 3583 614 3595 -
626 3556 665 3608 De
681 3556 744 3609 Cas·
789 3561 876 3611 existit
889 3562 916 3610 in
928 3559 1034 3632 pelago.
1047 3560 1188 3612 Examinat
1198 3571 1281 3611 auten

249 3631 347 3686 sundra
358 3642 478 3702 raptata,
495 3633 624 3705 legendos
640 3647 680 3686 est
695 3635 744 3686 llx-
787 3637 858 3691 hanc
866 3642 1094 3711 compat-ationem
1102 3639 1162 3691 Ml.
1170 3639 1283 3710 Scaliger

250 3728 342 3763 cursus
352 3709 392 3760 X*
403 3721 466 3761 tom.
479 3712 503 3762 ll
510 3748 518 3776 ,
530 3731 591 3784 pag.
603 3713 663 3779 345.
788 3719 826 3784 V,
838 3719 871 3783 3,
884 3717 918 3770 ad
928 3720 1097 3771 Homericam
1108 3719 1187 3770 lliad.
1197 3720 1246 3780 lX;
1258 3729 1282 3769 et

283 3790 450 3858 linoritur.
463 3791 546 3858 Quasi
558 3791 631 3846 aliud
639 3793 744 3846 initiunt
787 3801 816 3850 in
841 3815 874 3850 ea
895 3799 1039 3850 Homerum
1059 3815 1110 3868 pro
1134 3797 1281 3868 discipulo,
1326 3821 1327 3846 t

249 3869 415 3922 calamitatis.
433 3899 467 3908 -
485 3871 576 3925 Goedes.
597 3873 658 3924 Non
679 3891 745 3944 prm·
788 3876 926 3948 Virgilium
950 3895 1000 3948 pro
1023 3879 1150 3949 magistro
1171 3876 1279 3928 laudat:
1326 3881 1327 3930 3

248 3950 322 4002 lium.
332 3949 528 4002 -Mt'tem'ma.
541 3952 613 4019 Quia
628 3954 696 4005 inter
710 3955 746 4006 ci·
786 3973 885 4026 ¹quern,
896 3973 985 4027 queso
995 3967 1035 4020 te,
1045 3954 1115 4008 tide.
1128 3955 1281 4007 T.-llane
1326 3985 1327 4020 y

248 4047 293 4082 ves
302 4027 414 4084 infanda
425 4047 513 4083 errore
526 4029 661 4103 deceptos.
675 4033 744 4086 Serv.
790 4036 889 4105 pariter
900 4035 1026 4092 laudibus
1043 4047 1157 4090 exornat
1168 4033 1277 4089 Sestias.
1326 4021 1327 4093 l
