2692 4594
234 355 295 398 212
569 321 947 388 COMMENTARIA

234 455 333 518 trahit
348 448 571 510 miserrimam:
592 443 686 505 habet
701 465 774 504 vero
792 447 891 504 oratio
906 447 1152 508 incrementum:
1172 449 1275 512 dirum

235 559 280 606 est
303 545 336 601 in
354 538 440 598 silvis
459 537 577 607 vivere3
599 532 698 593 dirius
715 535 747 592 in
764 533 887 608 lustris,
906 555 940 593 ac
957 533 1105 598 domibus
1122 539 1275 616 ferarum3

233 630 425 693 dirissimum
444 621 597 704 Cyclopas
615 641 754 695 cernere,
772 623 933 682 tremuisse
950 625 988 684 ad
1005 624 1131 685 illorum
1150 649 1274 702 vocem,

234 742 271 781 ac
279 712 531 796 sonituspedum.
542 712 601 770 Per
609 723 702 771 vastos
712 712 1041 792 signaturmagnitudo
1051 737 1057 772 :
1069 715 1151 775 illud
1161 717 1200 777 ab
1209 738 1276 798 rupe

233 829 301 870 non
317 815 468 864 connecto
483 819 554 859 cum
566 797 799 872 Achaemenide‚
819 813 855 858 ut
869 799 966 876 dicat,
984 822 1042 884 ego
1058 806 1220 886 prospicio
1238 804 1275 862 ab

234 915 330 978 rupe:
346 910 445 973 apage
459 902 493 948 ut
507 886 560 948 ille
572 907 665 968 rupes
678 886 855 948 ascenderet
867 891 988 949 visurus
1001 903 1065 950 tam
1078 895 1160 952 mira
1176 914 1278 954 mons·

234 1001 298 1058 tra,
311 993 341 1042 et
351 974 508 1060 stupendo
518 973 669 1040 fruiturus
680 975 857 1056 spectaculo
869 998 875 1033 ι
887 975 940 1036 sed
951 976 1040 1052 dicit;
1050 981 1278 1061 prospiciolly-

235 1073 340 1153 clopas
355 1065 395 1126 ab
408 1085 500 1147 rupe,
518 1083 613 1146 quam
625 1064 683 1144 ipsi
696 1062 883 1139 ascendunt3
896 1085 957 1146 qua
970 1080 1084 1125 errant.

273 1157 342 1239 649.
365 1157 502 1236 Augetur
523 1151 688 1212 infelicitas
710 1151 937 1214 Achaemenidas
960 1175 998 1214 ex
1019 1157 1120 1215 victus
1144 1158 1278 1230 ratione,
1305 1181 1309 1188 ·

235 1270 298 1332 quo
313 1245 420 1316 alitur,
440 1253 585 1302 numerat
596 1237 724 1315 baccas,
739 1261 872 1317 cornua,
890 1239 1022 1301 herbas:
1040 1263 1100 1302 vox
1113 1241 1170 1301 illa
1185 1241 1279 1327 infeli-

233 1359 310 1411 cem,
332 1333 398 1394 noti
411 1329 563 1412 capienda
576 1341 699 1388 tantum
714 1327 897 1410 vulgariter,
912 1341 954 1388 .ut
967 1329 1049 1389 dicat
1060 1333 1171 1391 victum
1187 1329 1279 1415 infeli·

234 1447 311 1498 cem,
324 1423 357 1482 id
372 1433 432 1494 ast,
448 1420 610 1496 miserum3
624 1415 677 1478 sed
693 1437 729 1477 ea
741 1416 985 1498 significatione,
998 1439 1060 1499 qua
1071 1417 1180 1479 felices
1194 1420 1282 1478 arbo·

234 1537 283 1577 res
291 1509 467 1574 infelicibus
475 1511 810 1590 opponuntur.Baecoe,
818 1529 877 1568 vox
885 1522 930 1568 est
938 1510 1082 1589 generice
1090 1511 1279 1570 conveniens

235 1601 403 1671 Fructibus,
417 1597 471 1678 qui
487 1598 669 1656 racematim
683 1595 852 1673 cohaerent.

275 1693 344 1752 651.
360 1688 442 1764 Quia
457 1688 571 1760 omnia,
591 1684 662 1746 ideo
677 1683 869 1746 collustrans:
888 1707 961 1745 nam
978 1688 1005 1746 si
1022 1683 1060 1744 de
1075 1707 1141 1745 uno
1156 1699 1280 1745 tantum

235 1779 304 1862 loco
320 1797 421 1837 sermo
436 1787 526 1852 esset,
542 1777 629 1854 satis,
643 1775 761 1835 lustro:
778 1777 822 1834 ait
835 1796 923 1852 vero,
945 1795 1010 1856 prae
1021 1775 1196 1857 eupiditate
1211 1775 1281 1835 inde

236 1863 402 1938 evadendi,
415 1861 495 1922 nihil
507 1885 615 1924 curare
627 1864 776 1925 addicutm
788 1885 819 1924 se
831 1885 922 1946 posse
937 1863 1014 1939 dici;
1029 1863 1110 1923 nihil
1126 1885 1282 1946 quaecum·

237 1977 299 2040 que
315 1955 425 2014 mortis
438 1973 565 2034 genera,
584 1955 700 2036 quibus
716 1976 781 2014 non
796 1974 911 2036 corpus
926 1954 1027 2013 solum
1041 1955 1212 2030 obruatur,
1231 1953 1283 2013 sed

238 2045 343 2104 anima
355 2063 482 2124 quoque
495 2043 684 2102 absumatur.
702 2042 749 2102 Sic
763 2041 946 2102 hominibus
959 2055 1070 2102 natura
1083 2043 1231 2116 insitum,
1249 2053 1284 2100 ut

238 2153 335 2216 genus
346 2133 465 2207 mortis,
474 2133 558 2214 quod
570 2135 750 2214 proximum
761 2146 816 2208 est,
827 2133 956 2214 reliquis
966 2145 1078 2214 putent
1088 2129 1282 2190 horribilius

277 2221 344 2281 655.
365 2219 482 2280 ln'hoc'
499 2240 680 2280 sermonum
697 2223 762 2281 ictu
779 2224 925 2303 apparuit
942 2221 1074 2304 Cyclops
1091 2219 1282 2280 confirmans

238 2310 382 2370 torvitate
397 2311 554 2389 corporis,
567 2319 642 2389 ‹quae
656 2311 694 2370 de
709 2310 765 2370 illo
781 2310 899 2370 dixerat
912 2308 1152 2378 Achaemenides.
1173 2310 1283 2368 Narra·

237 2399 282 2458 tio
296 2385 538 2454 circumstantiis
547 2396 741 2457 illustratur:
757 2396 820 2458 duo
831 2412 957 2458 tantum
969 2395 1110 2478 expende
1122 2419 1129 2454 :
1144 2399 1282 2478 primum

238 2484 411 2544 carminum
426 2482 558 2566 molem,
571 2505 634 2564 quo
647 2484 803 2565 intelligas
816 2484 919 2560 illam,
933 2505 1000 2566 quae
1011 2487 1044 2542 in
1054 2482 1197 2566 Cyclope
1208 2483 1282 2542 fuit:

240 2582 357 2655 quanta
371 2589 444 2650 ergo
458 2571 490 2627 in
503 2568 566 2630 illis
580 2585 660 2632 vasta
671 2593 700 2631 se
713 2572 789 2633 mole
801 2587 961 2634 moventem
975 2575 1124 2632 Pastorem
1136 2569 1283 2653 Polyphe-

239 2674 330 2722 mum.
344 2656 484 2717 Alterum
496 2656 611 2720 dixisse
623 2674 748 2742 poetam
763 2675 833 2722 nota
845 2660 927 2723 litora
938 2665 1129 2742 προληπτικῶς,
1144 2679 1219 2718 nam
1230 2678 1283 2718 cae-

240 2773 309 2827 eus,
323 2747 455 2809 ducente
468 2749 608 2826 nemine,
623 2771 749 2812 noscere
760 2772 824 2812 nou
834 2765 953 2834 posset;
966 2770 1039 2830 ergo
1049 2762 1122 2809 ueta
1130 2760 1283 2808 usuante-

240 2859 334 2924 quam
343 2835 570 2897 lobcaecaretur.

257 2944 258 2949 ’
279 2928 347 2988 658.
362 2929 477 2986 Versus
494 2927 551 2986 iste
569 2925 685 2988 haerere
701 2947 759 2987 nos
775 2929 874 3010 cogit,
894 2947 950 2986 nec
966 2923 1057 2984 facile
1070 2921 1283 3004 praetergredi.

239 3021 406 3079 Monstrum
416 3027 477 3087 est,
490 3017 563 3094 quia
572 3030 686 3076 natura
696 3038 751 3076 sua
760 3014 972 3099 Polyphemus
982 3011 1284 3094 monophthalmus:

242 3102 430 3176 horrendum,
453 3105 525 3184 quia
548 3119 673 3184 aspectu
692 3104 871 3165 horribilis:
893 3103 1126 3188 informe,'quia
1144 3103 1179 3160 in
1199 3115 1284 3162 vasta

240 3196 324 3256 mole
336 3189 441 3251 nullus
456 3190 582 3267 modus,
594 3191 682 3252 nulla
695 3193 796 3254 forma
809 3217 815 3254 :
830 3197 930 3276 inqem
942 3195 1044 3276 signat
1053 3194 1155 3273 ipsam
1166 3193 1285 3271 magni-

241 3284 396 3345 tudinem:
408 3299 506 3362 quum
513 3300 587 3339 vero
595 3285 782 3363 postomnia
790 3282 878 3342 addit
885 3283 1049 3363 ademptum
1060 3279 1170 3353 lumen,
1182 3282 1284 3361 signat

242 3371 474 3433 deformitatem
488 3389 605 3428 nevam
619 3390 713 3453 supra
726 3373 1003 3432 monstrositatem.
1146 3362 1151 3368 ’

278 3555 338 3608 653.
351 3553 456 3606 Audiet.
469 3553 578 3626 Signata
587 3555 670 3608 verbo
681 3555 741 3610 des·
784 3559 816 3611 32
824 3578 830 3619 ;
839 3549 1044 3626 Philipp.tt,5s;
1052 3549 1143 3600 Livius
1151 3550 1235 3615 XVII,
1246 3551 1281 3610 16;

243 3635 409 3706 perationem
434 3635 574 3702 exprimit,
602 3647 632 3686 ut
654 3637 741 3706 iuquit
784 3629 1282 3700 Tacitdnmll,14;Sueton.Calig.38.

245 3711 741 3780 Servius:auctionisvocabulum‚m-
819 3713 880 3780 654.
900 3713 950 3767 Vos
968 3711 1089 3762 animam·
1103 3707 1174 3758 hanc
1190 3709 1282 3780 potius.

243 3796 286 3863 jus
302 3805 365 3842 usus
381 3801 434 3855 est,
457 3790 564 3859 quando
580 3795 664 3863 mujus
680 3813 742 3864 pre·
784 3793 900 3863 Oblique
919 3791 1055 3862 loquitur,
1077 3799 1107 3836 nt
1125 3804 1226 3858 supra:
1246 3806 1284 3838 re-

245 3869 741 3943 tiumolferentiresuenditaemptoris
784 3871 927 3944 prehensio
951 3871 1020 3923 enirn
1040 3865 1209 3918 crudelitatis
1231 3880 1283 3934 est,

246 3950 284 4002 lit.
292 3946 359 4000 Vide
369 3946 435 3998 Bud.
449 3948 488 4000 tit.
500 3948 567 4000 dein
575 3950 644 4001 diem
654 3951 743 4002 addic—
785 3953 832 4022 qui
841 3963 918 4022 roget
925 3950 1050 4014 salutem,
1060 3947 1083 3999 si
1092 3947 1151 4018 ipse
1160 3945 1284 4002 condem·

191 4023 197 4030 ’
247 4023 742 4098 tione.AlluduutCicero,pr0Milone,
785 4043 840 4084 nat.
856 4031 924 4084 Serv.
1002 4071 1004 4076 ,
1084 4045 1087 4050 ¹
