2676 4602
45 387 49 392 ι
311 262 372 354 ἰιι
395 257 631 369 muninus
654 258 753 360 ιιι.
779 260 841 358 iv.
1031 270 1102 392 n,

53 416 174 496 injuste
184 414 362 474 occisorum
374 412 490 487 redire,
504 425 536 472 et
546 410 721 474 homicidas
733 411 803 475 suos
815 409 942 478 vexare:
955 439 1029 501 ergo
1042 415 1104 489 tihi

53 516 134 585 post
151 513 284 562 mortem
296 521 399 560 meam
416 510 593 575 decumam,
612 499 748 576 vexabo,
768 503 913 582 agitabo:
933 506 1032 570 aderit
1045 514 1105 574 tibi

51 592 174 673 passim
188 590 300 652 umbra
314 609 384 650 mea
399 609 471 650 cum
493 602 621 650 terrore.
641 591 678 650 ln
699 587 762 650 illis
782 612 858 652 mors
870 591 1015 658 seduxerit
1025 605 1106 662 arou

52 682 176 754 anima,
188 693 234 740 est
243 677 409 760 hypallage
413 701 423 752 3
436 699 511 738 nam
521 679 627 738 anima
636 691 708 738 vere
717 677 876 742 seducitur
890 695 920 742 et
934 701 1104 766 separatur.

52 768 132 844 Illa,
145 767 228 828 dubis
237 767 365 850 improbe
377 788 490 849 poenm,
499 762 625 828 'babent
637 773 777 844 causam,
793 783 825 830 et
838 762 1003 836 effectum:
1016 776 1106 839 dabis

51 877 182 938 poenas,
196 857 271 937 quia
284 851 459 938 improbus.
497 921 499 928 ,
539 915 540 919 ,

97 943 168 1026 387.
183 946 304 1028 Quaeret
316 945 488 1046 quispiam,
502 946 558 1028 qui
566 943 694 1004 audiet?
704 947 759 1026 qui
770 944 856 1006 fama
866 949 988 1009 veniet?
999 947 1107 1015 nonne

52 1033 126 1114 ipsa
140 1032 260 1093 visura?
274 1034 393 1094 dixerat
404 1034 505 1109 euim,
517 1021 651 1094 omnibus
661 1031 764 1093 umbro
774 1030 843 1102 locis
852 1034 959 1096 adoo:
953 1040 1108 1102 ·referen-

42 1119 138 1180 ,dum
148 1117 211 1180 boc
228 1120 268 1180 ad
280 1119 517 1182 distinctionem
533 1120 636 1198 illam,
655 1141 751 1202 quam
763 1133 880 1182 veteres
896 1125 1109 1203 agnoscebant

52 1205 236 1268 dividentes
255 1219 417 1268 mortuum
435 1209 469 1268 in
484 1207 631 1284 cadaver,
650 1208 748 1308 qnod
750 1202 832 1277 latet
847 1209 906 1270 snb
922 1218 1021 1284 terrai
1038 1219 1108 1278 ani-

52 1314 160 1370 mam,
174 1314 244 1375 quae
255 1292 366 1356 adibat
373 1296 504 1372 Manes,
517 1296 877 1376 umbram,1maginem,
890 1298 1108 1383 simulacrum,

52 1381 148 1464 quod
160 1383 212 1443 vel
224 1383 369 1461 cadaver,
393 1384 441 1446 vel
454 1387 593 1446 animam
604 1383 832 1460 comitabatur,
852 1386 902 1448 vel
919 1389 958 1448 ab
976 1402 1109 1475 utroque

54 1467 277 1551 separabatur.

99 1559 170 1619 388.
182 1559 262 1628 Vide
274 1581 370 1642 qnam
381 1559 563 1643 perturbate
575 1573 607 1622 et
622 1563 735 1642 tragice
749 1557 856 1622 omnia
866 1561 953 1622 fiant.
965 1565 1049 1627 Dido
1060 1589 1111 1630 su·

52 1644 128 1706 bito
142 1666 318 1708 sermonem
332 1649 505 1732 abrumpit3
521 1651 632 1710 AEneas
651 1651 686 1710 in
697 1662 780 1710 'testu
798 1649 1026 1730 cogitationum
1042 1677 1110 1718 ma-

54 1750 130 1795 net:
152 1736 237 1798 Dido
255 1737 351 1820 fugit,
372 1753 403 1798 et
420 1740 565 1820 quamvis
583 1751 680 1842 agra,
698 1753 802 1798 tamen
819 1740 904 1820 potis
924 1754 969 1800 est
986 1763 1109 1822 gressus

53 1844 188 1885 movere
199 1825 240 1886 ad
250 1825 375 1908 fugam,
387 1828 648 1911 suppeditante
619 1848 700 1888 vires
710 1825 785 1909 ipso
801 1827 903 1888 calore
919 1830 1110 1894 iracundiae·

52 1929 94 1974 ut
108 1927 216 1975 tamen
229 1913 336 1976 ablata
347 1931 395 1976 est
407 1919 446 1978 ab
459 1917 573 1992 oculis,
590 1929 659 1976 tum
671 1915 793 2004 deficit,
807 1915 990 1994 collabitur,
1006 1925 1112 1982 exani-

50 2017 184 2064 matur:
198 2025 215 2064 a
228 2003 353 2066 famulis
367 2008 557 2106 suscipitur,
563 2007 730 2087 reponitur
744 2007 777 2064 in
791 2006 915 2066 stratis:
929 2005 1041 2068 baeu
1009 2009 1112 2071 omnis

54 2091 214 2172 tragoedia
231 2106 348 2174 puncto
368 2092 405 2153 fit
423 2094 586 2174 temporis.
604 2091 684 2152 Vide
705 2093 892 2176 veroquam
911 2095 990 2152 acris
1009 2097 1111 2158 oratio

51 2179 210 2256 Didonis3
220 2183 275 2262 qui
285 2183 388 2244 virum
397 2181 513 2249 fortem
521 2183 669 2252 AEueam
661 2202 696 2240 m
705 2163 824 2240 mettim
834 2179 1010 2256 adduxerit,
1020 2206 1113 2246 cunc*-

54 2265 303 2351 tabundumque
321 2269 511 2330 reddiderit.
532 2268 589 2328 ille
610 2269 696 2328 enim
716 2288 781 2348 pra
802 2279 888 2326 metu
907 2270 1113 2332 cunctabatur

54 2357 268 2440 respondere,
282 2357 472 2439 nequedum
484 2370 618 2440 poterat.
839 2402 843 2430 ,

99 2448 171 2527 393.
190 2447 342 2526 Quamvis
360 2449 471 2508 [Encas
490 2447 625 2508 voluerit
641 2421 816 2520 dolentem
820 2447 962 2506 animum
976 2447 1111 2521 Didonis

55 2534 174 2611 lenire,
187 2549 218 2595 et
228 2533 294 2617 ejus
309 2557 396 2596 curas
409 2547 560 2610 avertere,
572 2547 609 2594 ut
621 2535 676 2616 qui
688 2535 773 2616 pius,
785 2505 895 2608 dolena
882 2553 1035 2615 equoque
1044 2539 1111 2619 ipse

56 2623 229 2706 (namhoc
241 2639 300 2703 est,
313 2625 405 2688 muita
417 2625 551 2716 genunt)
562 2639 595 2686 et
605 2627 675 2706 pari
684 2645 758 2684 cura
768 2635 936 2704 occupatus
949 2625 1113 2702 (namhoc

58 2728 108 2774 est
110 2711 290 2806 labefamm
298 2736 433 2776 animum
442 2735 541 2776 amore
550 2717 689 2796 magno),
681 2713 893 2782 ·nonidcirco
902 2726 1008 2782 tamen
1018 2731 1113 2782 inter

54 2802 162 2862 mittit
175 2797 314 2864 Deorum
329 2804 516 2880 mandatas
485 2824 572 2862 nno
584 2803 778 2882 exsequitur
793 2799 964 2866 ctolassem
974 2821 1055 2882 saepe
1066 2825 1113 2864 ιιι

57 2889 225 2971 visit(hoc
234 2894 318 2952 enim
329 2906 389 2968 est,
404 2894 530 2966 reuisit),
542 2904 577 2950 ut
586 2892 695 2950 excitet
705 2887 744 2948 ad
754 2887 996 2969 profectionem,
1011 2906 1113 2952 acuat-

60 3000 127 3063 que
142 2979 258 3042 milites
274 2982 315 3042 ad
329 2976 535 3061 diligentiam.
555 2981 679 3059 ltaque,
693 2979 748 3060 qui
762 2974 878 3036 blande
890 2995 1016 3056 quoque
1028 2979 1112 3039 ama-

59 3069 132 3144 bat,
151 3081 188 3128 ut
203 3066 317 3145 homo,
337 3082 444 3142 tamen
460 3081 605 3150 prompte
621 3064 767 3160 parebat,
785 3079 821 3125 ut
835 3065 900 3124 vir:
917 3078 1014 3146 poeta
1028 3070 1113 3128 enim

52 3155 192 3218 'eosdem
206 3155 338 3230 affectus
351 3160 463 3220 tribuit
474 3161 590 3231 AEnoae,
605 3177 683 3238 quos
695 3155 832 3222 Didoni:
846 3152 974 3217 dolebat
987 3155 1052 3231 illa,
1062 3155 1113 3218 hic

61 3246 228 3329 gemebat:
247 3245 328 3308 ssla
317 3251 401 3310 curis
417 3248 629 3351 premebatur,
650 3245 705 3306 hic
720 3241 857 3308 habibat
871 3245 1013 3304 animum
1027 3243 1112 3306 labe-

59 3337 185 3422 factum
196 3337 311 3418 magno
322 3360 445 3399 amore:
461 3338 555 3398 sed'
526 3359 575 3398 ιιι
586 3350 668 3411 erat,
678 3349 710 3398 et
721 3335 782 3396 sibi
794 3330 983 3415 imperabat,
997 3348 1029 3394 et
1040 3334 1113 3398 ideo

60 3444 211 3507 quamvis
221 3443 287 3506 ipse
297 3445 422 3508 quoque
431 3423 552 3509 duplici
563 3424 676 3492 affectu
684 3436 864 3504 occupatus,
873 3420 1113 3486 eosdemtamen

62 3511 193 3574 volebat
206 3533 225 3571 a
236 3515 370 3596 Regina
370 3515 515 3582 avertere,

105 3601 175 3682 397.
190 3603 271 3664 Tum
284 3618 358 3665 'vero
369 3603 502 3685 Troiani
518 3607 639 3734 naviter
654 3567 859 3674 incumbunt,
873 3613 909 3662 ut
925 3598 965 3660 a'd
977 3614 1113 3683 praten

101 3771 164 3844 393.
176 3773 257 3826 At'
226 3793 287 3845 prus
301 3776 405 3826 AEneas
418 3774 493 3826 Ordo
508 3789 566 3827 est:
612 3771 668 3838 dat,
676 3785 703 3824 et
711 3769 929 3822 ostenditsolana
937 3763 1113 3826 doleutrvelie

63 3849 93 3910 at
103 3856 165 3926 pius
173 3854 271 3906 AEneaa
281 3856 355 3924 jussa
364 3851 454 3904 divum
463 3855 568 3922 exequi·
612 3864 754 3925 prastarec
775 3861 802 3902 et
824 3848 923 3920 probat
939 3848 1111 3920 religiosum,
1158 3913 1162 3924 Ι

64 3951 127 3990 tur:
138 3933 209 3989 bene
222 3948 311 3988 autem
322 3946 430 3988 excusat
443 3935 568 3998 AEneam,
614 3951 697 4004 quum
708 3929 821 3985 deorum
832 3931 972 4000 praecptis
984 3944 1068 4000 paret.
1084 3934 1111 3984 S.

65 4019 144 4092 pium
156 4014 282 4084 dicendo,
290 4033 373 4088 quum
385 4017 410 4069 ei
421 4027 448 4070 et
455 4015 569 4088 gemitur
614 4043 649 4056 „
662 4013 735 4066 Cure
750 4011 896 4066 amantium
907 4007 984 4062 dolor
993 4017 1112 4064 vocator.

136 4103 166 4155 8.
902 4103 932 4164 '¹7'
