2670 4596
324 307 376 368 ΙΝ
393 254 633 372 Ι1111111111)Οὸ
656 307 748 371 LIB.
774 311 798 372 1.
1039 323 1075 386 13

44 430 182 509 erumpit,
195 429 287 488 Mene
297 429 418 508 incepto,
429 441 486 488 etc.
499 428 553 488 Sed
565 429 650 508 prius
660 428 886 509 expendeillud
897 431 1077 519 hoecsecum5

5 497 7 544 1
44 519 121 596 quasi
133 517 234 593 dicat,
248 517 316 574 sine
325 519 467 590 conscio,
482 518 535 598 qui
549 516 688 576 dolorem
700 517 810 592 leniat3
824 518 948 582 volebat
961 530 1078 611 quippe

5 607 7 616 ’
43 607 97 664 1133
109 606 202 664 alere.
636 617 639 624 '
688 603 690 608 ¹

78 695 123 772 37.
141 695 215 752 Non
229 713 371 773 aequum,
391 713 455 752 non
471 693 517 752 fas
532 713 581 752 me
594 695 707 752 victam
723 693 761 752 ab
774 695 866 753 AEnea
879 695 1025 761 desistere
1037 704 1077 766 ab

44 783 172 860 incepto.
185 779 357 839 Considera
368 782 517 839 orationis
529 783 615 840 iratae
626 783 767 841 initium:
781 795 825 840 est
835 785 900 842 sine
908 793 1076 871 prooemio,

43 867 117 926 nihil
134 871 303 950 proponit,
322 869 375 930 sed
392 871 559 950 supponit,
579 883 646 929 tum
660 873 732 950 quia
749 872 839 944 irata,
853 887 930 932 tum
947 880 1019 956 quia
1035 903 1079 942 se-

44 976 118 1014 cum.
140 957 216 1016 Mox
238 971 344 1016 tamen
367 971 402 1016 ut
423 957 560 1016 auditori
585 956 768 1030 satisfaciat,
788 957 920 1038 explicat
938 983 1078 1046 causam,

43 1063 138 1122 quum
150 1043 259 1102 subdit
272 1047 336 1104 Nec
347 1064 441 1125 posse,
454 1058 511 1104 etc.
524 1046 635 1104 Oratio
648 1065 720 1104 vero
732 1047 904 1126 interrupta
918 1065 977 1126 est,
992 1069 1023 1114 et
1034 1057 1080 1115 id·

42 1133 122 1190 circo
133 1147 206 1212 apta
217 1132 438 1214 indignationi.
448 1135 559 1193 Versus
570 1135 636 1208 iste,
645 1137 709 1193 Nee
716 1153 796 1215 posse
805 1133 892 1194 Italia
906 1140 1079 1204 Teucrorum
1111 1216 1113 1219 ¹

43 1233 165 1279 euertere
178 1225 299 1302 Regem,
323 1223 418 1280 mirus
430 1235 489 1294 est,
514 1236 549 1281 ut
562 1223 596 1281 in
609 1243 671 1302 quo
686 1224 791 1301 magni
805 1220 945 1300 affectus,
966 1242 995 1286 et
1012 1237 1081 1292 toti.

43 1307 114 1368 dem
127 1324 323 1388 argumenta,
344 1325 423 1392 quot
437 1309 540 1370 verba.
560 1310 636 1371 Vult
653 1313 737 1370 Juno
753 1312 899 1391 probare,
919 1317 1031 1378 victam
1048 1343 1080 1384 se

44 1416 119 1471 esse,
139 1419 202 1477 quo
221 1397 354 1478 majores
371 1401 432 1458 irae
450 1398 594 1479 colligat:
615 1399 667 1458 sed
684 1399 843 1480 quomodo
861 1400 993 1480 probat?
1009 1409 1080 1470 Non

44 1505 168 1564 possum
179 1501 317 1559 avertere,
337 1508 402 1547 non
414 1486 492 1546 dicit
503 1487 646 1568 perdere,
662 1487 849 1562 interficere,
868 1491 1080 1574 submergere,

45 1587 97 1630 aut
108 1575 239 1634 verbum
253 1574 338 1634 aliud
352 1589 455 1650 atrox,
475 1575 529 1636 sed
540 1589 677 1648 tantum,
697 1597 761 1634 non
778 1597 867 1656 posse
883 1594 1021 1656 avertere;
1041 1607 1080 1645 en

45 1663 161 1741 primus
180 1665 327 1723 stimulus
347 1667 482 1724 irarum:
504 1665 596 1740 alter,
616 1663 718 1738 Italia,
743 1667 769 1723 si
790 1662 959 1744 Trojanum
980 1668 1080 1732 homi·

44 1772 109 1810 uem
123 1751 295 1814 voluissem
306 1752 399 1834 Troja
411 1767 560 1828 avertere,
574 1753 703 1814 difficile
716 1759 798 1812 crat:
812 1757 897 1834 atqui
910 1757 1079 1838 Trojanum

44 1840 149 1898 ltalia:
166 1843 243 1920 quid
255 1841 428 1902 infirmius?
439 1845 557 1916 Terti0,
570 1846 677 1924 Regem
694 1846 881 1918 Teucrorum,
895 1848 1013 1929 quippe
1028 1871 1080 1912 eo·

42 1949 107 1986 rum
123 1932 179 2009 qui
192 1932 268 1990 victi
281 1945 365 1990 sunt.
381 1934 499 2012 Regem
507 1953 605 2012 quum
619 1945 725 2004 vocat,
737 1933 856 1992 ironice
871 1935 976 2010 credo,
993 1941 1079 2020 quod

41 2016 76 2074 ab
90 2018 202 2076 animo
212 2019 345 2078 Junonis
359 2039 425 2078 non
440 2019 586 2080 alienum.
598 2021 652 2078 Est
660 2039 734 2076 vero
746 2021 830 2078 luno
843 2021 1009 2084 artificiosa
1021 2049 1077 2107 pro

41 2123 85 2162 se:
107 2104 278 2186 pudorem,
298 2127 392 2188 quem
412 2129 448 2167 ex
460 2109 648 2188 preecedenti
665 2127 755 2166 versu
775 2122 982 2186 contraxerat,
1003 2119 1079 2195 tegit

40 2191 176 2252 latorum
202 2195 366 2257 involucro
391 2207 421 2255 et
444 2197 638 2269 necessitate,
664 2215 762 2274 quum
787 2196 845 2268 ait,
872 2197 982 2278 Quippe
1001 2217 1079 2262 vetor

35 2279 121 2360 satis:
141 2282 186 2340 sic
197 2282 335 2356 Servius,
349 2296 379 2343 et
393 2281 457 2342 alii.
478 2280 677 2342 Robortellus
686 2282 793 2341 tamen
807 2283 923 2343 ironice
938 2289 1021 2368 capit
1033 2303 1078 2350 to-

41 2381 106 2426 tum
120 2367 208 2428 hunc
223 2367 328 2430 locum
340 2393 347 2430 ι
360 2371 450 2451 quasi
465 2369 565 2430 dicat:
579 2384 689 2451 potero
703 2383 853 2444 avertere,
864 2391 922 2431 nec
934 2394 985 2432 me
995 2390 1077 2438 veta-

41 2456 118 2516 bunt
129 2457 207 2518 fata.
331 2455 340 2475 '
420 2515 423 2520 ,
495 2531 497 2542 Ι

77 2546 127 2624 39.
138 2547 327 2629 Exemplum
340 2551 466 2624 adducit
480 2571 536 2632 per
550 2551 817 2632 comparationem
830 2553 873 2608 rei
886 2563 975 2630 gestae
990 2575 1008 2612 3
1021 2559 1077 2616 mi·

42 2653 115 2690 nore
128 2633 280 2712 Numine,
293 2639 414 2710 minore
426 2639 458 2696 in
469 2659 517 2712 re,
532 2639 652 2696 minore
664 2639 794 2711 merito,
806 2635 958 2716 majorum
973 2654 1077 2702 tamen

42 2721 157 2780 irarum
171 2725 233 2800 (ait
245 2726 343 2804 Scal.)
355 2741 387 2786 et
395 2724 567 2806 majoribus
578 2727 803 2784 instrumentis.
816 2726 898 2802 Ergo
908 2728 1079 2803 potuitPal-
1096 2725 1110 2734 ⁶

42 2806 82 2867 103
94 2830 213 2872 exurere
228 2809 347 2873 classem
360 2815 524 2895 Argiuum,
544 2833 601 2892 ego
618 2832 739 2892 nequeo
754 2809 923 2888 Trojanum
938 2817 1079 2874 avertere?
1112 2870 1114 2875 .

40 2896 94 2956 llla
108 2902 241 2980 Argivos
257 2917 355 2982 ponto
370 2900 550 2976 submersit,
568 2921 624 2980 ego
640 2898 762 2958 tamdiu
780 2918 852 2956 cum
869 2919 933 2958 uno
949 2897 1077 2964 homine

40 2985 204 3046 condicto?
215 2990 399 3070 Opportune
409 2992 546 3070 cogitans
557 2987 595 3047 de
607 2985 769 3066 nanl‘ragio
780 2987 880 3044 AEneae
889 2985 990 3064 Ajacie
1003 3009 1077 3050 nau·

40 3073 176 3154 fragium
196 3077 230 3134 iu
248 3069 465 3156 argumentum
486 3075 622 3136 adducit.
646 3075 766 3155 Pergit:
791 3073 891 3151 exegit
914 3072 967 3131 illa
991 3089 1077 3136 atrox

41 3165 231 3246 supplicium
250 3179 371 3227 tantum
390 3166 425 3227 011
445 3189 555 3227 noxam
575 3168 674 3241 unius,
695 3167 798 3224 verius
818 3163 853 3222 ob
866 3163 978 3245 firrias3
996 3168 1078 3244 (erat

75 3298 117 3366 37-
126 3301 213 3353 Mene.
223 3301 278 3365 Ne,
289 3319 343 3352 non
352 3313 430 3354 vacat
442 3301 538 3371 1313111-
582 3311 655 3350 11331.
666 3321 677 3346 n
693 3299 741 3364 Et,
754 3295 936 3366 uProgeniem
949 3293 996 3345 sed
1008 3297 1078 3346 enim

38 3389 84 3428 cat
98 3391 186 3432 autem
198 3397 274 3451 erpo,
293 3393 319 3434 et
331 3381 537 3450 estconjuuctio
581 3379 697 3447 Trojano
712 3397 734 3428 a·
746 3377 874 3446 sanguine
895 3373 957 3424 duci
979 3374 1078 3428 Audie-

37 3456 186 3508 rationalis.
196 3459 342 3529 -Iucepto
356 3459 475 3510 dautem.
488 3460 539 3529 T⁰7
581 3471 630 3510 rat.
643 3481 655 3504 υ
669 3458 714 3508 Est
724 3469 750 3507 et
764 3455 831 3510 alter
840 3453 924 3509 lutens
934 3467 1078 3518 sensuum

36 3534 176 3587 lerabilins
208 3539 279 3590 enirn
306 3556 360 3590 non
390 3537 537 3603 inchoare,
581 3547 668 3606 speret
685 3553 713 3585 se
729 3534 846 3602 reginam
863 3543 954 3582 contra
973 3533 1078 3587 exulum

37 3633 121 3685 quam
133 3619 245 3697 incepta,
256 3616 384 3672 deserere.
398 3607 467 3674 Serv.
482 3647 495 3661 ἰ
511 3651 514 3654 -
581 3616 638 3669 fata
649 3631 728 3684 posse
740 3611 856 3681 aliquid,
868 3613 890 3662 si
902 3613 1022 3666 Minerva
1030 3633 1079 3668 nu·

74 3695 119 3764 39.
137 3695 240 3766 Quippe
256 3707 327 3750 vetor
335 3698 408 3769 fatis.
424 3687 540 3770 lietera,
584 3715 645 3750 men
652 3695 760 3745 inferius
770 3692 854 3744 valuit
861 3705 955 3744 eontra
962 3694 1018 3746 fata
1025 3697 1078 3748 vic·

34 3776 144 3844 inquit,
160 3777 216 3826 fata
232 3795 274 3828 me
293 3777 437 3847 prohibent
452 3799 458 3827 r
476 3794 537 3846 ergo
582 3789 681 3826 torum.
695 3803 729 3812 —
738 3775 863 3824 Exume:
872 3773 956 3824 Exun'
967 3774 1077 3840 dicitur,

34 3859 110 3908 Jauo
129 3857 236 3927 igneum
258 3857 313 3908 vim
330 3859 447 3910 fatorum
467 3879 472 3907 ι
493 3855 539 3909 sed
583 3855 617 3907 de
634 3851 766 3924 quouihil
781 3864 914 3923 superest,
929 3865 974 3919 ut,
990 3854 1077 3923 «quid
1102 3884 1104 3890 ¹

32 3936 155 3988 1100300
164 3953 304 4005 possumus
312 3935 416 4001 dicere,
425 3937 539 4005 quiasu-
583 3951 725 3988 memorem
738 3944 841 3984 exustas
855 3933 967 4004 Erycino
981 3934 1009 3984 in
1020 3934 1079 3986 lito-

32 4017 128 4086 perius
140 4015 240 4072 lectum
252 4027 307 4068 est:
322 4039 332 4063 a
343 4015 369 4068 Si
380 4015 498 4085 quafata
507 4016 539 4066 si·
583 4033 612 4066 re
623 4012 736 4066 classes?
746 4037 757 4062 n
768 4012 835 4068 Sem.
