2692 4594
342 335 394 400 tn
418 333 653 399 nuutoos
677 333 769 400 mu.
794 337 868 402 111.
1064 341 1122 431 ιιι

77 457 211 520 audiens
222 457 266 516 ibi
278 478 341 518 esse
353 455 593 517 Andromachen
605 481 612 516 :
623 455 688 538 jam
699 463 783 518 nunc
795 459 1010 522 Andromache
1020 463 1126 525 obstu-

77 551 193 632 pescit,
207 549 316 610 videns
331 552 476 610 AEneam:
492 549 596 631 itaque
610 547 663 608 bic
676 549 838 631 obstupuit
852 549 909 610 hac
925 552 1045 630 audita3
1060 553 1128 615 haec

79 638 135 698 illo
148 639 229 698 viso.
244 637 280 696 ln
293 635 352 696 illis
366 635 488 718 diripuit
499 639 562 696 uisu
575 639 606 696 in
618 637 727 713 medio,
743 651 818 697 nota
831 635 952 696 hiatum
962 661 996 699 ex
1006 641 1129 718 studi03

80 749 143 808 quo
159 726 250 788 biatu
264 730 405 808 signatur
417 747 477 786 vox
491 727 530 786 ad
545 739 704 809 stuporem
711 741 832 788 retenta
845 751 851 788 :
866 727 1013 789 convolat
1025 751 1130 794 versus

80 813 239 896 dactylicis
251 816 329 890 illis,
345 813 501 876 colorasse
513 811 641 897 reliquit,
661 827 696 874 ut
710 816 845 876 celeritas
858 814 1034 896 languentis
1046 831 1131 878 note·

80 919 139 965 tur.
160 905 254 966 Nulla
274 917 318 965 est
336 925 451 965 caesura
469 906 503 964 in
520 904 614 964 verbo
633 903 754 979 labitur,
773 918 809 964 ut
825 925 897 964 cum
915 904 1040 966 labente
1054 907 1132 988 peda

81 997 224 1055 animum
240 1016 367 1076 quoque
382 997 539 1056 labentem
557 995 741 1056 consideres.
758 997 805 1056 De
821 993 881 1055 hoc
898 995 1009 1057 Heleni
1026 1008 1056 1056 et
1069 998 1132 1070 An·

81 1081 268 1143 dromaches
276 1103 405 1143 occursu
415 1083 449 1142 in
458 1085 556 1166 Epiro
566 1082 715 1166 legendus
728 1097 772 1144 est
781 1083 933 1144 Excursus
944 1085 987 1163 X,
1001 1083 1132 1161 tom.l1‚

81 1193 152 1254 pag.
165 1170 236 1248 465.

122 1259 192 1318 310.
207 1261 364 1320 Sententia
376 1261 497 1342 integra
506 1259 600 1342 hujus
610 1259 671 1321 loci
684 1259 752 1322 baec
763 1273 823 1323 est:
833 1273 909 1324 tune
920 1260 1015 1337 mihi,
1029 1262 1135 1336 AEnea,

81 1368 153 1408 vera
167 1349 251 1410 facie
260 1349 406 1432 appares?
419 1351 555 1411 vivisne?
568 1373 609 1411 an
621 1353 725 1433 potius
737 1353 941 1414 simulacrum
952 1354 998 1412 tui
1012 1365 1137 1412 tantum

82 1437 192 1514 video,
206 1451 237 1498 et
251 1441 383 1522 speciem
398 1441 588 1521 quamdam?
602 1461 692 1516 nam,
711 1455 747 1502 ut
765 1445 920 1519 existimo,
934 1443 1056 1503 recessit
1070 1439 1137 1522 jam

84 1547 101 1584 a
112 1539 142 1584 te
156 1524 229 1585 lux:
245 1527 330 1608 quod
343 1528 368 1586 si
383 1525 444 1586 hoc
458 1528 591 1589 alterum
603 1540 664 1604 est,
675 1530 821 1606 (inclinat
836 1532 953 1613 quippe
965 1529 1138 1590 Androma-

84 1611 154 1688 cbe,
165 1635 197 1673 sa
209 1635 275 1674 non
287 1613 391 1674 videre
403 1635 512 1674 verum
521 1617 665 1693 AEneant,
679 1617 732 1676 sed
743 1615 808 1700 ejus
819 1620 937 1677 mortui
949 1616 1072 1694 idolum
1084 1625 1138 1676 aut

86 1705 303 1784 simulacrum)
317 1705 371 1765 ubi
385 1709 500 1766 Hector
512 1706 576 1767 esti
590 1727 686 1792 quare
698 1727 764 1768 non
775 1722 804 1769 te
817 1707 1003 1769 comitatur?
1014 1720 1049 1768 tu
1059 1705 1140 1772 mihi

86 1813 229 1873 appares,
244 1805 275 1852 et
286 1813 351 1852 non
365 1791 493 1874 conjux3
507 1813 577 1876 quae
591 1795 650 1854 ista
663 1793 759 1854 fides?
772 1799 915 1856 Extrema
928 1793 996 1855 ltaec
1010 1803 1142 1876 possunt

85 1877 201 1940 babere
211 1879 306 1940 aliam
314 1883 499 1940 sententiam
510 1903 517 1940 ι
528 1883 553 1940 si
565 1899 632 1942 non
642 1901 732 1942 verus
743 1904 773 1943 es
782 1885 908 1957 AEneas‚
920 1882 972 1942 sed
983 1887 1140 1955 mortuus,

86 1967 218 2026 ubinam
231 1983 274 2027 est
285 1967 418 2027 Hector?
432 1990 493 2050 qua
505 1984 593 2050 parte
603 1969 794 2046 inferorum,
805 1970 854 2030 vel
864 1991 926 2052 qua
940 1967 1141 2054 Elysiorum?

86 2057 220 2116 ubinam
233 2070 330 2138 agunt
345 2057 430 2116 illius
443 2058 570 2118 manes?
581 2059 710 2141 Aliquid
724 2059 803 2120 mihi
818 2060 921 2121 indica
935 2059 973 2120 de
984 2081 1054 2120 meo
1065 2061 1143 2118 Hec-

87 2159 170 2221 tore;
187 2148 261 2206 sciet
277 2151 359 2207 enim
377 2161 518 2208 mortuus
536 2149 611 2230 quid
627 2154 768 2210 mortuus
788 2161 891 2230 gerat,
912 2150 965 2210 ubi
983 2161 1069 2230 agat,
1087 2145 1142 2228 qui

89 2237 199 2298 valeat.
214 2238 373 2318 Sequitur3
386 2237 474 2324 dixit,
490 2236 689 2321 lacrymasque
703 2239 822 2323 effudit,
836 2251 892 2300 etc.
907 2241 1031 2322 Quippe
1042 2235 1146 2296 immi-

89 2346 138 2384 nae
149 2327 267 2388 amanti
280 2326 315 2384 ad
329 2328 513 2386 memoriam
524 2329 569 2386 sui
579 2329 721 2388 Hectoris
731 2328 875 2410 lacrymae
885 2328 1018 2387 ubertim
1026 2325 1144 2385 fluunt:

90 2415 224 2493 gemitus
234 2414 344 2487 etiam,
358 2426 388 2473 et
399 2413 566 2490 clamores,
582 2414 779 2498 querelasque
789 2429 970 2497 erumpunt.
983 2413 1076 2494 Quod
1087 2425 1146 2472 sta-

90 2506 148 2562 tim
163 2525 198 2564 ex
215 2525 330 2586 magno
344 2505 535 2580 decoro‚.vt'x
544 2507 762 2590 paucafurentt'
773 2503 918 2590 Subjioio,
931 2508 1040 2568 attaris
1054 2502 1146 2566 turba-

93 2606 137 2654 tus
147 2595 266 2655 uocibus
283 2594 379 2670 bisoo;
397 2596 527 2682 immina
542 2600 626 2657 enim
639 2599 791 2682 lacrymas
805 2597 933 2673 effudit,
950 2597 1086 2657 clamore
1099 2591 1146 2653 lo·

92 2705 162 2744 cum
177 2686 338 2766 implevit:
354 2687 401 2744 vir
415 2697 539 2747 tantum
552 2685 697 2748 turbatur
711 2687 748 2747 ad
767 2685 853 2746 illius
871 2686 1039 2768 lacrymas,
1055 2697 1147 2764 atque

93 2769 199 2847 hiscit,
214 2787 305 2832 utens
320 2773 359 2832 ad
372 2773 458 2832 illam
471 2777 577 2855 paucis
591 2776 701 2834 verbis.
717 2777 770 2833 Est
776 2773 892 2856 furanti
897 2819 906 2847 ,
920 2771 968 2831 vel
981 2769 1148 2852 impatien-

93 2874 138 2922 ter
153 2865 287 2937 amanfi,
303 2883 373 2923 cum
387 2865 626 2944 interpretibus:
642 2865 691 2922 vel
704 2883 775 2922 vere
789 2861 918 2937 furenti,
932 2880 1055 2920 mecum
1067 2881 1073 2917 :
1086 2857 1148 2918 hoc

94 2953 177 3010 enim
194 2953 310 3032 aptius,
325 2965 393 3010 turn
407 2951 482 3032 quia
500 2969 594 3032 supra
608 2971 709 3009 amans
726 2961 756 3008 et
769 2951 902 3008 exterrita
915 2948 1065 3016 mouscin
1080 2957 1164 3006 tum·

95 3041 167 3119 quia
181 3041 290 3098 AEneas
303 3038 341 3098 ad
352 3037 436 3098 illius
448 3036 546 3097 furias
559 3030 667 3116 nequit
678 3036 783 3116 loqui,
796 3033 881 3094 velut
894 3035 959 3118 ipse
972 3033 1148 3106 exterritus;

95 3139 220 3186 tantum
236 3125 336 3186 hiscit.

96 3273 187 3306 rorum
197 3272 258 3305 aras
272 3272 328 3306 esse
338 3253 431 3306 solitos
442 3257 600 3306 consecrare
644 3241 1150 3326 nunquamdiscessissevideatur.Sen-

95 3332 163 3385 duas
173 3355 181 3395 ;
193 3351 252 3404 quaa
264 3333 325 3386 ride
339 3335 372 3385 ad
386 3335 488 3386 AEneid.
500 3336 540 3400 V,
556 3334 599 3402 48.
645 3335 679 3384 sit
692 3345 781 3384 autem
793 3329 862 3382 hoc:
875 3331 897 3380 si
909 3325 1010 3378 umbra
1024 3323 1149 3375 videntur

131 3413 193 3484 307.
205 3413 336 3464 Monstris.
346 3413 435 3466 Rebus
447 3413 548 3465 scilicet
559 3415 601 3464 in·
645 3413 673 3462 iu
690 3412 789 3474 sacris,
811 3427 859 3460 cur
878 3421 935 3456 non
954 3421 1047 3456 eorum
1065 3403 1149 3475 magis

97 3493 227 3562 speratis,
240 3504 267 3544 et
280 3491 332 3544 hoc
343 3492 377 3544 ad
391 3493 599 3546 Andromachen
646 3490 743 3561 quibus
762 3486 946 3540 sacrificatur?
958 3513 995 3562 -f
1011 3483 1097 3548 Dixit,
1112 3482 1151 3534 la·

96 3573 229 3639 refertur,
251 3587 309 3642 quae
331 3585 409 3642 putat
429 3585 599 3624 monstrumr
645 3573 786 3642 crimusque
798 3567 905 3640 effudit.
914 3568 994 3630 Bene,
1004 3576 1150 3636 postquam

98 3665 144 3704 aut
155 3665 229 3704 certe
240 3653 371 3717 monstris,
387 3652 460 3723 quod
473 3665 536 3704 tnnc
548 3651 601 3704 *ad*
647 3649 848 3702 admontionem
854 3647 976 3698 Hectoris
983 3655 1090 3696 ventum
1099 3655 1149 3710 est,

96 3727 209 3783 veneral
227 3729 339 3795 AEneas,
357 3749 438 3802 quum
450 3732 496 3782 illa
508 3733 601 3782 Manes
647 3731 730 3780 tacuit
744 3740 771 3779 et
782 3725 862 3778 flevit.
872 3727 942 3779 Seru.
958 3753 991 3766 -
1004 3725 1151 3776 Lacrimas-

97 3814 254 3878 invocaret,
273 3825 300 3864 et
320 3829 382 3864 eum
403 3812 523 3863 crederet
545 3830 602 3864 esse
647 3827 697 3882 que
708 3806 813 3880 effudit.
833 3807 895 3858 Haec
913 3807 1004 3858 omnia
1017 3821 1150 3876 provene-

97 3892 267 3946 deiunctum.
278 3892 348 3944 Seru.
647 3901 710 3940 runt
727 3888 863 3940 enmariti
881 3887 1085 3941 recordatione:
1099 3901 1149 3936 nec

133 3973 165 4024 31
173 3991 196 4024 a.
204 3969 603 4025 HectorubiestfflocadAEneae
648 3971 740 4023 debuit
751 3969 783 4022 de
795 3970 847 4022 alio
856 3989 935 4042 quam
948 3971 980 4023 de
990 3981 1110 4036 mortuo,
1120 3967 1152 4017 in·

97 4056 217 4125 pertinet
236 4054 366 4126 gloriam,
384 4066 414 4106 ut
433 4053 466 4106 ab
487 4053 603 4106 Hectore
647 4063 722 4105 tanto
736 4049 829 4105 dolore
844 4068 971 4122 quaerere.
984 4049 1080 4101 Donat
