2644 4614
341 183 355 212 t

224 267 287 346 tet
554 258 938 324 counanrtutt

225 387 299 449 belli
310 399 411 470 postes
424 383 669 464 confringentis,
685 385 789 442 omnia
807 383 848 440 ita
861 382 964 442 subito
980 380 1123 456 turbari,
1139 401 1282 440 commo-

225 477 306 550 veri,
320 473 517 535 inflammari.
531 470 606 530 Ideo
620 469 707 529 audis
720 467 862 528 ardorem
875 469 1038 542 Ausoniae,
1052 489 1188 550 campos
1201 467 1282 549 pedi·

225 579 309 638 turn,
333 561 491 644 pulverem
509 561 668 640 equiturn,
688 557 830 639 clypeos,
851 556 987 638 spicula,
1007 576 1155 630 secures,
1179 558 1280 635 signa,

225 655 372 714 tubarum
394 651 529 724 sonitus,
563 647 691 708 urbium
717 648 880 728 strepitus,
910 643 1088 721 umbones,
1119 644 1281 717 thoraces,

225 763 346 818 ocreas,
367 751 467 800 aratra
484 757 633 798 conversa
645 737 678 794 in
695 735 833 816 gladios,
854 755 939 794 enses
957 748 1117 809 recoctus,
1138 733 1281 804 classica,

224 848 387 904 tesseram,
406 849 503 910 equos
515 825 697 899 frementes,
717 838 747 884 et
759 824 877 884 loricas.
898 821 981 898 Quid
995 821 1088 903 plura
1105 820 1239 904 potuit?
1256 820 1280 879 Ο

224 919 355 1000 longum
369 916 497 976 Homeri
510 928 693 996 apparatum
706 911 743 972 ad
758 909 892 984 bellum,
904 910 960 970 lib.
973 911 1021 986 ll,
1036 909 1179 970 lliados!

264 1005 333 1083 64ι.
354 1009 442 1067 Nova
460 1005 634 1078 invocatio,
656 1017 691 1062 ut
710 1003 769 1061 sibi
789 1001 889 1060 aditus
909 1013 1012 1081 pateat
1031 1000 1068 1059 ad
1092 999 1280 1058 Heliconem

224 1095 403 1168 Musarum,
415 1112 478 1173 quo
489 1090 634 1150 videlicet
645 1089 742 1169 possit
751 1089 846 1168 Reges
859 1108 985 1162 canere,
1001 1089 1056 1168 qui
1068 1088 1201 1147 excitati
1215 1105 1280 1144 cou-

224 1197 271 1242 tra
284 1179 452 1261 Trojanos:
467 1177 611 1258 agmina,
626 1195 694 1256 quae
704 1187 806 1234 secuta
815 1177 910 1255 Reges
921 1175 1062 1255 singulos
1073 1175 1115 1234 ad
1127 1175 1279 1234 dimican-

225 1273 300 1332 dum
314 1273 348 1332 in
361 1271 444 1329 acie:
462 1268 537 1328 etin
550 1287 640 1326 cursu
656 1267 699 1324 ait
713 1286 743 1324 se
756 1265 914 1326 dicturum
928 1265 1039 1326 florem
1053 1265 1179 1340 ltaliae,
1196 1262 1279 1324 ardo-

225 1385 289 1424 rem
304 1379 474 1420 armorum.
488 1355 567 1418 Vide
578 1358 749 1416 Excursum
762 1369 920 1430 octavum,
934 1359 969 1416 T.
982 1357 1045 1431 Ill,
1059 1379 1093 1438 p.
1108 1353 1278 1433 386-396,

223 1454 262 1514 dc
275 1450 400 1534 populis
412 1449 466 1529 qui
479 1468 550 1506 cum
561 1447 674 1504 Latino
686 1447 862 1506 societatem
875 1448 1021 1506 inierant.

263 1537 332 1614 645.
346 1538 436 1598 Ratio
449 1555 504 1595 cur
518 1533 556 1594 ad
571 1533 675 1594 Musas
689 1532 851 1614 confugiat
863 1557 870 1592 :
885 1546 957 1594 sunt
969 1534 1032 1594 illae
1044 1533 1122 1594 filiae
1134 1535 1277 1592 Mnemo-

226 1651 332 1715 syncs,
346 1628 377 1688 id
391 1640 454 1701 est,
473 1626 651 1698 Memoriae,
667 1645 701 1683 ac
715 1624 847 1705 proinde
858 1639 990 1706 possunt
1004 1645 1155 1684 revocare
1171 1625 1206 1682 in
1221 1641 1277 1680 me·

225 1722 357 1781 moriam
368 1717 422 1776 lras
432 1714 591 1788 historias;
601 1715 690 1774 aliter
696 1716 797 1774 tenuis
808 1729 853 1774 est
862 1715 962 1792 fama,
972 1717 1079 1797 potius
1089 1714 1276 1774 aurulenta.

226 1812 273 1868 An
290 1829 363 1867 vcro
380 1827 454 1865 aura
470 1806 563 1864 tenuis
580 1803 712 1863 dicitur?
732 1826 772 1864 an
790 1806 894 1886 potius
910 1806 1089 1888 uurufumoe
1110 1805 1231 1866 tenum?
1248 1814 1277 1860 ut

226 1896 310 1956 velis.
325 1897 361 1954 ln
375 1894 526 1974 posterius
538 1892 657 1951 inclino
671 1913 707 1952 cx
717 1893 887 1955 collatione
900 1895 1078 1955 verborum.

262 1980 331 2064 647.
347 1979 490 2060 Principe
504 1977 573 2038 loco
588 1979 724 2060 catalogi
741 1983 911 2042 Mezentius
928 1983 1073 2064 ponitur,
1094 1995 1125 2041 et
1140 1979 1197 2040 hic
1210 2001 1275 2041 con·

226 2085 347 2154 temptor
365 2070 493 2141 Divum;
517 2069 604 2147 quasi
625 2065 723 2142 dicat,
758 2070 872 2151 impius
890 2082 1000 2130 eontra
1023 2071 1114 2150 pium
1136 2069 1274 2127 AEneam.

224 2158 364 2225 Verbum
377 2157 433 2215 init
444 2154 586 2236 proprie,
606 2155 711 2235 quasi,
727 2156 753 2214 lt
765 2160 797 2216 in
809 2153 946 2231 hellum3
965 2156 1017 2218 hic
1029 2159 1117 2216 enim
1131 2157 1276 2216 scribitur
1312 2179 1313 2271 q

224 2247 382 2327 catalogus
392 2242 643 2305 concurrentium
655 2242 695 2302 ad
705 2243 838 2304 eundem
852 2243 1061 2304 bellilocum:
1075 2243 1164 2302 unde
1174 2255 1275 2302 autem

224 2335 297 2397 ille?
307 2331 347 2394 ab
357 2333 496 2391 Etruria:
511 2327 592 2389 hanc
601 2331 686 2390 enim
698 2346 788 2390 vocat
796 2352 865 2391 oras
875 2330 1067 2412 Tyrrhenas,
1082 2354 1102 2392 a
1111 2329 1274 2414 Tyrrheno

224 2429 299 2504 Atys
312 2423 395 2497 filio,
410 2421 464 2502 qui
479 2441 515 2479 eo
528 2420 686 2480 coloniam
699 2420 866 2480 deduxerat
878 2442 915 2482 ex
926 2421 1035 2503 Lydia.

264 2511 332 2592 649.
347 2512 428 2570 Mira
439 2511 588 2570 varietas:
603 2515 703 2591 pergit
717 2513 800 2572 enim
816 2515 834 2572 a
847 2524 978 2594 paterno
993 2512 1146 2573 dedecore
1159 2511 1199 2572 ad
1213 2511 1275 2570 lau·
1311 2521 1312 2589 4

225 2604 295 2664 dem
307 2601 380 2673 lilii;
395 2598 461 2660 haec
473 2601 574 2681 posita
590 2601 623 2659 in
635 2600 883 2683 pulchritudine,
898 2624 958 2684 qua
974 2624 1068 2663 nemo
1083 2604 1189 2662 Lauso
1201 2622 1275 2683 prae·

225 2691 370 2764 stantior,
384 2689 492 2746 Turno
504 2701 643 2769 excepto.
656 2690 704 2749 Sic
718 2688 845 2748 decebat
856 2688 895 2748 de
906 2691 1014 2750 Turno
1027 2691 1116 2772 loqui
1127 2689 1276 2770 competi-

224 2794 291 2840 tore
303 2779 422 2851 AEneae,
437 2797 500 2856 quo
513 2773 606 2857 hujus
620 2775 722 2858 major
736 2791 812 2838 esset
825 2776 935 2858 gloria.

261 2868 330 2930 651.
350 2869 397 2926 An
409 2866 511 2925 solum
526 2865 657 2947 pulcher
668 2867 804 2928 Lausus?
824 2888 1044 2948 nequaquam:
1066 2867 1176 2950 adjicit
1189 2871 1269 2928 enim
1310 2899 1311 2907 κ

224 2956 390 3018 militarem
411 2954 576 3028 virtutem,
608 2954 695 3034 cujus
721 2954 836 3037 duplex
863 2971 1104 3036 argumentum,
1132 2955 1272 3016 videlicet

225 3047 390 3129 equitatio,
405 3055 435 3102 et
448 3045 581 3102 venatio.

266 3133 335 3192 652.
354 3131 414 3189 llic
431 3131 536 3210 itaque
548 3129 660 3188 ductor
673 3143 718 3190 est
732 3132 882 3213 agminis,
904 3133 1015 3214 inquo
1031 3135 1089 3193 viri
1102 3133 1210 3193 mille:
1226 3132 1273 3193 sed

224 3223 432 3304 nequicquam
448 3219 539 3278 illurn
558 3234 744 3300 sequuntur3
771 3244 845 3282 nam
862 3241 929 3284 non
946 3225 1117 3284 reversuri:
1141 3224 1271 3285 cecidere

224 3318 306 3374 enim
319 3313 353 3370 in
366 3311 445 3385 acie,
459 3308 590 3369 cadente
602 3307 696 3368 duce:
707 3312 852 3372 nominat
863 3313 991 3388 urbem,
1006 3313 1091 3374 unde
1101 3313 1269 3394 profectus,

225 3401 374 3459 nimirum
385 3397 563 3479 Agyllinam
575 3419 582 3456 :
597 3410 753 3477 postrema
763 3399 855 3460 Lausi
866 3397 952 3476 laus,
964 3399 1100 3484 dignum
1109 3401 1207 3461 fuisse
1215 3419 1268 3458 me

260 3557 320 3610 651.
337 3559 443 3609 Lausus.
459 3557 563 3610 Laudat
579 3560 724 3612 Lausuma
768 3562 855 3631 poetis
885 3562 995 3632 passim.
1020 3590 1057 3600 —
1079 3561 1266 3633 Nequicquam.

225 3635 396 3700 fortitudine,
416 3653 473 3707 quae
489 3638 516 3687 in
533 3635 646 3708 pulchro
667 3656 725 3690 cor·
768 3641 838 3707 Quia
849 3641 876 3692 in
886 3641 978 3712 praelio
989 3643 1084 3712 periit,
1095 3645 1267 3714 nec·patrium

226 3714 723 3786 porerarasoletesse;licetpulclrrum
769 3723 871 3790 recepit
896 3722 1206 3792 imperium—Petrus
1229 3721 1269 3793 qui

226 3812 276 3866 pro
284 3793 352 3863 forti
360 3795 450 3876 ¹capiat
459 3795 724 3869 Servius—Equum
770 3799 853 3852 tortor
870 3813 931 3854 esset
949 3803 1078 3872 Imperiis.
1105 3803 1211 3874 Dignus
1228 3803 1268 3871 qui
1307 3815 1308 3865 4

226 3871 726 3960 domitorquro'dapnr,attribuatur,inno·
769 3877 881 3934 haberet
890 3883 1080 3952 imperatorem
1089 3885 1184 3954 potius
1195 3899 1267 3955 quam

226 3949 331 4021 χέρμης,
345 3946 487 4014 emuniter,
500 3967 527 4006 et
538 3955 616 4008 irruet
627 3953 727 4028 alrrop,
770 3961 872 4028 exulem
886 3975 999 4034 patrem.
1010 3962 1081 4016 Serv.
