2670 4596
348 273 741 372 ,nrsourstrro
867 293 871 304 ·
1016 279 1090 369 xxiij

102 401 199 473 lllud
220 425 307 472 sane
330 403 513 472 tot-variis
534 405 669 500 ingenii
692 401 866 500 prodigiis
890 401 1093 475 conflatum

50 543 153 617 epos,
166 543 235 615 pro
248 515 425 614 singulari
438 515 615 587 miraculo
629 515 797 588 habitum
812 515 891 589 luit.
906 519 975 590 Hic
987 524 1094 590 etiam
1195 553 1198 561 Α

50 638 112 732 qui
134 649 207 704 tam
232 629 431 730 magnifico
452 635 524 702 ritu
543 634 637 703 Deos
658 631 860 731 heroasqu‘e
882 632 1095 724 celebravit,

52 752 146 818 visus
160 765 212 818 est
226 742 302 844 ipse
314 747 392 817 Deo
407 749 613 843 proximus3
629 773 820 846 quumque
831 747 910 836 ille,
926 747 1096 821 nondum

54 859 207 958 expolita
220 861 421 931 Graiorum
432 864 524 948 vita,
537 860 605 931 sub
616 862 901 958 perennantibus
911 862 1096 961 sylvarum

54 974 294 1063 umbraculis,
310 974 440 1046 illimes
455 973 502 1046 ad
516 973 634 1046 fontes
649 1000 829 1072 aquarum
845 993 1004 1066 caneret,
1026 977 1097 1049 ior-

54 1117 134 1178 san,
148 1107 190 1162 ut
201 1090 247 1162 de
256 1089 409 1187 Orpheo
421 1088 539 1161 vocali
551 1087 751 1192 ferebatur,
770 1089 885 1186 sylvas
898 1117 1053 1189 saxaque
1065 1108 1099 1162 et

54 1206 187 1278 fluvios
200 1205 256 1278 his
271 1205 510 1278 concentibus
525 1211 685 1277 intentos
695 1209 798 1303 ,pari
814 1232 938 1277 secum
951 1207 1099 1278 delecta-

56 1327 152 1393 tione
184 1322 270 1392 duci
304 1320 549 1396 crediderunt.
594 1322 793 1392 Graiorum
829 1325 940 1420 igitur
973 1321 1099 1420 religio

58 1436 160 1509 nobis
183 1437 390 1508 Homerum
414 1441 570 1534 peperit;
599 1436 705 1534 eujus
727 1437 911 1508 servandis
930 1437 1100 1535 operibus

57 1575 123 1648 pro
136 1553 315 1648 scriptura
328 1551 474 1622 traditio
489 1549 638 1648 profuit.
656 1551 732 1620 Erit
747 1549 928 1648 profecta,
944 1555 1010 1622 erit
1025 1577 1101 1622 om·

36 1724 38 1728 .
58 1667 159 1733 nium
169 1657 397 1734 'saeculorum
413 1663 658 1761 gratulatione.
669 1664 821 1763 dignus,
843 1669 1007 1764 quisquis
1022 1683 1103 1736 tan-

59 1795 180 1872 torum
202 1775 410 1849 carminum
432 1803 557 1876 aequus
577 1783 787 1869 aestimator,
807 1785 945 1878 excepit
961 1807 1001 1852 ac
1020 1779 1103 1850 dili·
1163 1783 1166 1790 '

58 1909 180 1990 genter
192 1892 354 1991 collegit,
367 1893 469 1990 quod
483 1917 677 1991 nunquam
692 1898 860 1991 periturae
872 1911 1102 1993 posterorum

57 2008 293 2078 admirationi
310 2013 576 2079 transmitteret.

104 2121 174 2192 Sed
182 2120 406 2219 quibusdam
414 2138 576 2219 suspecta
584 2139 671 2193 sunt
681 2120 916 2193 haecH0meri
925 2127 1104 2213 carmina,

57 2235 114 2306 vel
128 2236 213 2307 ideo
232 2237 335 2334 quod
354 2241 404 2308 sic
420 2237 466 2308 ad
484 2261 551 2308 nos
568 2242 814 2334 pervenerint3
836 2256 1010 2336 tanquam
1028 2264 1103 2308 non

60 2354 171 2422 unius
182 2349 330 2420 artificis
341 2377 458 2446 manu
466 2368 648 2440 contexta,
657 2352 720 2422 sed
730 2378 772 2421 ex
781 2351 906 2422 multis
919 2357 1105 2424 variorum

59 2489 216 2562 operum
236 2462 447 2562 fragmentis
467 2481 591 2535 coacta
609 2481 643 2536 et
660 2469 763 2562 quasi
783 2482 936 2536 consuta
954 2466 1022 2537 sub
1040 2491 1108 2536 no-

59 2583 161 2650 mine
179 2603 260 2648 uno
284 2578 497 2674 prodierint.
523 2581 751 2677 Responsum
774 2581 813 2648 in
837 2565 1013 2676 promptu
1038 2597 1107 2669 est,

60 2692 212 2766 cuilibet
228 2717 306 2763 non
326 2718 422 2765 nova
440 2699 532 2764 veris
550 2697 795 2792 praeponenti,
817 2718 894 2762 non
913 2691 1109 2790 singularia
1156 2777 1157 2780 Ἴ

61 2833 136 2906 prae
152 2807 362 2906 approbatis
379 2803 555 2907 diligenti.
573 2811 666 2879 Nam
682 2834 767 2878 sane
779 2803 882 2876 cadat
894 2804 1109 2904 hujusmodi

60 2927 223 3020 suspicio
243 2913 442 2994 in'Ossiani
462 2923 668 2994 Bardorum
687 2919 910 2993 celeberrimi
929 2927 1109 3020 earmina,

62 3063 312 3135 quaecumque
329 3034 480 3108 demum
497 3035 560 3107 illa
580 3053 684 3124 sunt,
707 3037 820 3107 divisa
836 3039 931 3130 ¹inter
949 3063 1003 3122 se,
1028 3036 1111 3109 bre-

63 3155 171 3223 viora
192 3151 493 3248 productiorave,
522 3167 555 3222 et
582 3169 624 3221 ut
638 3138 817 3222 ‘dration'is
841 3151 969 3222 eodem
991 3150 1113 3222 colore

62 3264 252 3352 multum,
276 3270 324 3336 ita
339 3269 492 3336 minime
507 3283 810 3372 argumentorum
826 3257 956 3335 natura
970 3269 1064 3336 inter
1077 3291 1114 3336 se

62 3383 333 3452 convenientia.
369 3377 519 3452 iliadem
549 3407 634 3452 vero
664 3385 814 3480 propius
842 3384 871 3451 si
899 3385 1113 3478 inspexeris,

61 3513 212 3593 praestat
237 3493 301 3566 illa
326 3520 404 3567 non
426 3493 547 3568 solum
574 3499 713 3593 impetu
737 3513 845 3592 atque
870 3493 1021 3586 decore,
1053 3497 1114 3568 sed

9 3625 20 3699 ζ
60 3613 177 3680 etiam
186 3601 551 3707 manifestoquodam
561 3610 1113 3701 ordine,acserieconeatenata;

60 3740 277 3822 sequuntur
289 3749 372 3822 quae
389 3711 513 3796 narrat
519 3755 527 3814 ;
546 3723 731 3796 cohaerent
747 3749 827 3822 quae
843 3723 1029 3814 describit;
1048 3723 1116 3796 sibi

61 3855 259 3928 constant,
281 3864 536 3939 quoscumque
554 3857 617 3912 aut
635 3855 777 3937 agentes
796 3837 957 3927 exhibet,
979 3855 1042 3910 aut
1060 3843 1118 3910 in-

61 3952 176 4024 ducit
189 3953 392 4052 loquentes.
410 3957 562 4053 Rapitur
576 3971 769 4053 protenus,
784 3971 825 4026 ut
839 3959 887 4026 ita
901 3953 1039 4042 dicam,
1056 3981 1118 4052 ag-
