2670 4596
321 277 372 338 tn
397 273 630 339 nuetuos
654 275 746 340 ute.
771 279 796 340 t.
1038 285 1074 352 15
1140 253 1142 260 ’

9 431 10 464 t
71 400 119 476 46.
131 396 371 459 Divinahaecad
383 409 615 478 argumentum,
627 397 711 476 quod
721 397 856 457 intendit
865 399 958 460 June.
968 403 1077 466 Posuit

9 481 10 562 J
39 488 190 550 Palladem
208 489 404 560 exurentem,
422 484 687 565 submergentem,
706 484 923 566 disjicientem,
940 508 1075 553 everten-

41 593 110 652 tem,
127 577 367 657 corripientem,
386 574 584 654 infigentem:
605 597 675 634 cum
694 575 744 634 his
761 590 825 634 tam
844 581 964 659 magnis
984 595 1076 664 atque

41 668 192 728 atrocibus
213 665 336 726 nullum
360 663 504 724 adhibuit
527 663 713 744 epithetum,
734 679 763 724 et
782 680 907 748 posset:
929 691 1003 730 nam
1022 671 1077 732 illa

42 759 118 815 lovis
132 754 217 829 filia,
236 767 267 813 et
279 774 392 836 praeses
406 752 571 812 bellorum.
590 753 681 812 Dese
697 766 800 812 autem
813 775 910 834 quum
922 755 1077 838 loquitur,

41 845 187 906 diversam
198 857 286 902 tenet
298 841 448 923 loquendi
461 842 630 915 rationem,
650 841 747 900 multa
761 844 946 920 attribuens,
965 860 1000 906 ut
1014 869 1077 907 ma-

40 934 131 1011 jorem
147 932 267 992 indicet
278 943 507 1012 contemptum,
525 951 622 1010 quum
634 929 715 988 nihil
727 929 886 1011 proficiat,
904 936 986 994 etsie
999 939 1076 996 enci·-
1097 997 1099 1011 ,

43 1035 79 1079 tet
90 1042 120 1080 sc
133 1022 167 1078 in
179 1023 242 1079 iras
255 1019 396 1100 majores.
411 1021 491 1098 Ergo
503 1019 559 1080 Ast
571 1039 638 1099 eqo,
661 1015 743 1076 mira'
752 1017 919 1098 emphasis,
939 1037 970 1080 et
982 1036 1081 1108 eppo*

42 1111 93 1167 site
106 1109 169 1183 illi,
187 1113 250 1190 ipsa
265 1109 383 1168 Pallas:
406 1129 462 1188 ego
480 1125 549 1188 quae
564 1127 632 1166 sum
647 1109 755 1166 Divum
773 1109 899 1188 Repina,
920 1131 988 1189 quae
999 1135 1079 1175 soror

9 1251 10 1260 ,
41 1198 132 1268 Iouis,
145 1217 213 1276 quae
223 1193 332 1279 conjux
342 1197 437 1268 tonia·
452 1215 523 1274 ego,
536 1195 681 1276 inquam,
695 1193 770 1253 helle
783 1207 926 1254 totannos
936 1219 1002 1278 pero
1013 1222 1079 1260 eum

43 1306 99 1344 una
110 1299 206 1365 pente,
223 1306 321 1366 quum
337 1283 438 1343 Pallas
455 1283 540 1342 illico
555 1282 744 1364 supplicium
761 1283 946 1363 sumpserit?
964 1288 1081 1368 Pergin

43 1385 68 1432 et
78 1376 230 1454 qaisquam
238 1386 375 1454 preterea
383 1371 483 1432 adoret
489 1394 598 1436 numen
607 1375 628 1432 J
629 1371 755 1432 anonis?
771 1373 865 1447 Quasi
879 1370 975 1432 dicat:
986 1395 1079 1436 nemo

45 1463 97 1522 erit
111 1465 165 1543 qui
182 1462 331 1544 deinceps
342 1461 451 1520 adoret
465 1483 580 1525 numen
599 1469 719 1534 m'eum,
741 1478 838 1541 quum
854 1459 959 1520 videat
972 1485 1021 1524 me
1036 1479 1082 1526 tot

46 1568 138 1609 anuos
155 1549 240 1608 bella
258 1549 372 1608 frustra
388 1562 561 1629 gerentemt
579 1561 652 1606 nam
667 1543 719 1610 hic
729 1559 865 1628 praeterea
881 1559 941 1622 est,
960 1566 1082 1630 postea,

45 1635 185 1714 posthac,
212 1636 376 1718 deinceps,
400 1635 643 1716 explicatoribus
667 1635 787 1708 Servio,
815 1635 976 1709 Manutio,
1003 1639 1081 1700 aliis.

45 1723 257 1798 Quintilianus
272 1723 327 1784 lth.
342 1745 362 1803 9
379 1726 422 1783 ait
437 1724 624 1804 partientem
643 1737 671 1782 et
689 1723 763 1803 poni
784 1720 920 1780 hiesum
939 1724 1083 1806 indigne-

43 1813 131 1871 tione.
151 1813 287 1872 Demum
302 1817 455 1894 quisquam
474 1810 593 1893 supplex
613 1815 744 1892 imponat
761 1808 899 1869 honorem
913 1815 970 1871 uris
986 1816 1083 1874 meis?

43 1897 148 1973 idest,
167 1921 261 1960 nemo
278 1901 429 1981 imponet.
452 1900 611 1964 Postrema
629 1899 687 1958 ista
705 1899 934 1978 signantisslma
952 1903 1080 1962 suntad

43 1987 97 2046 iras
112 1986 326 2047 acerhaudas:
338 2009 410 2047 nam
423 1988 499 2070 quid
513 1991 610 2068 magis
619 1989 700 2047 Deos
711 2000 812 2068 potest
823 2007 976 2068 pungere,
988 2013 1082 2071 quem

42 2073 95 2134 sibi
117 2075 245 2147 detrahi
263 2077 387 2138 divinos
406 2075 559 2136 benerae?
576 2079 722 2140 imminui
735 2075 877 2149 cultum?
898 2077 1082 2158 religionem

41 2163 240 2226 labefactari?
366 2161 369 2174 ’
731 2235 733 2240 Ι

78 2253 125 2316 50.
144 2253 472 2334 Exspirausllammas
489 2255 589 2328 Juno,
608 2267 638 2312 et
654 2251 833 2332 frequenter
852 2254 972 2332 agitans
990 2257 1083 2332 cerda

42 2342 214 2422 saepiusque
231 2343 346 2400 iterans
366 2342 490 2403 easdem
508 2341 626 2428 doloris
643 2363 767 2416 causas,
783 2343 892 2422 arripit
910 2344 1082 2408 excitaudae

42 2431 232 2514 tempestatis.
250 2429 431 2516 consilium,
450 2445 480 2490 et
496 2425 555 2508 hoe
572 2421 725 2512 subitum,
748 2444 783 2492 ut
800 2430 929 2494 decebat
951 2434 1079 2496 iratam:

44 2538 129 2594 nam,
152 2539 223 2598 quae
245 2519 309 2594 plia
328 2522 408 2583 ratio
430 2521 604 2584 avertendae
627 2519 741 2593 ltalia,
762 2539 829 2599 quae
848 2517 913 2599 jam
933 2539 1031 2602 prope
1050 2524 1082 2583 in

46 2605 206 2673 manibus?
226 2608 309 2688 Ergo
322 2610 405 2673 irata
423 2612 509 2674 venit
526 2607 565 2668 ad
586 2609 782 2690 Strongylen]
803 2611 926 2667 tertiam
947 2610 1083 2668 insulam

43 2695 224 2770 tEoliarum,
235 2717 305 2777 quaa
314 2698 415 2756 insula
427 2701 527 2778 patria
537 2711 584 2756 est
593 2699 785 2769 nimhorum,
795 2709 831 2754 ut
841 2697 945 2775 inqua
957 2699 1084 2776 gignan-

45 2797 93 2842 tur
104 2798 318 2864 tempestates‚
330 2800 360 2844 et
368 2805 408 2843 vex
420 2804 482 2866 qua
493 2797 657 2865 erumpant
668 2807 676 2840 τ
688 2783 760 2841 ides
770 2794 842 2840 vero
852 2784 952 2866 patrie
964 2784 1084 2844 nimbo-

44 2893 127 2946 rum,
140 2873 217 2954 quia
229 2871 302 2931 loce
314 2871 368 2932 illa
379 2873 526 2954 foecunda
542 2881 614 2932 sunt'
625 2872 739 2946 ventis,
753 2871 807 2952 qui
819 2868 916 2931 latent
928 2871 960 2928 in
972 2868 1085 2932 abditis

44 2983 149 3022 earum
163 2963 347 3022 insularum.
529 2957 532 2968 ⁴

44 3109 129 3171 enim,
145 3105 217 3176 quod
234 3107 403 3157 manifestum
417 3117 544 3170 cannen
589 3100 712 3155 ostendat
724 3105 1083 3177 quanttim'a'ccrererit'ira,

44 3199 192 3257 purgatur,
210 3185 261 3236 nisi
278 3184 397 3248 dicatur,
415 3203 469 3234 non
487 3195 551 3236 erat·
589 3201 621 3235 en
633 3182 833 3252 comparatione
841 3181 973 3235 Minervae.
988 3190 990 3198 '

42 3282 98 3315 suae
111 3266 223 3328 mentis,
235 3279 285 3316 nee
297 3265 337 3314 sui
349 3261 453 3314 consilii
465 3263 544 3332 Ajax,
599 3287 605 3294 ·
625 3255 837 3314 hnNimhonum.
847 3257 937 3311 Nimbi
947 3260 1085 3312 enimven-

45 3347 93 3398 sed
103 3342 545 3398 luroreamorittrahebaturtnam
591 3355 631 3393 tot
645 3335 794 3412 significant
808 3359 814 3388 :
829 3335 986 3407 plerumque
1000 3339 1086 3392 nubes

42 3423 211 3497 quioquidlit
221 3441 270 3494 per
279 3421 389 3488 Pathot,
401 3439 456 3473 non
467 3424 550 3477 aseri-1
589 3421 631 3473 rel
643 3421 765 3492 pluvisse
777 3434 840 3488 ergo
852 3427 933 3485 prout
945 3415 1019 3468 locus
1029 3419 1085 3472 fue-

41 3507 119 3558 bitur
129 3505 242 3556 homini.
256 3504 366 3553 Donat*
489 3513 492 3520 ’
549 3527 551 3535 v
589 3503 638 3564 rit,
656 3499 844 3574 intelligamus,
865 3499 973 3567 Proprie
997 3511 1086 3570 tamen

80 3585 125 3638 50.
137 3585 213 3640 Talia
217 3584 368 3660 flammato,
377 3581 458 3650 Quod
470 3598 546 3652 supe-
588 3577 670 3630 nimbi
682 3577 807 3628 dicuntur
819 3579 963 3646 repentinae
976 3591 1002 3630 et
1018 3600 1087 3650 prae-

40 3669 98 3718 rius
122 3667 321 3728 intermiserat,
339 3678 412 3714 nunc
436 3661 544 3714 reddit:
590 3661 683 3730 cipites
695 3657 803 3728 pluviam
817 3675 878 3708 nem
892 3657 994 3729 pluvias
1006 3679 1087 3715 voea-

41 3739 545 3816 tramdixerattuperiusrffueeeeam;
590 3753 648 3791 mus
669 3731 756 3789 lentas
776 3749 802 3789 et
821 3740 905 3810 juges.
927 3739 959 3789 Et
975 3739 1087 3812 figurate

39 3841 69 3880 et
79 3823 178 3889 modo,
190 3841 276 3876 mum
289 3821 498 3876 volutansrserv.
513 3840 546 3860 -e
591 3820 717 3884 metam,
727 3817 791 3884 loca,
802 3835 883 3871 unum
892 3821 1086 3876 cnlm'varietas

37 3906 202 3958 mmmm.
210 3903 338 3973 Superius
346 3901 412 3954 dicit
420 3917 531 3952 acoensa
540 3921 555 3948 :·
592 3895 799 3970 ipsasignilieat.
812 3899 838 3950 S.
849 3928 884 3940 ·-—
895 3899 1087 3973 Ruieusb'regio-

39 3985 92 4038 sed
104 3985 167 4056 plut
180 3995 222 4038 est
231 3981 367 4034 flammato
379 3991 504 4050 pectore,
519 3991 549 4030 ut
592 3981 1031 4050 nem-tempestatuminterpretatus
1040 3997 1087 4033 est.
1111 3992 1113 3997 ·
