2644 4614
155 379 158 390 ,
209 316 271 394 488
533 315 914 382 ΟΟΜΜΕΝΤΑΒΙΑ

205 443 422 524 perlustrabat,
434 451 469 500 ut
479 439 624 500 videlicet
636 452 867 521 recognosceret
876 441 910 500 in
919 461 957 501 eo
968 453 1101 524 paterna
1113 439 1251 504 Anchisae

204 533 400 592 lineamenta.
457 570 461 580 ι

244 621 309 695 154.
324 623 396 680 Mox
409 619 544 700 erumpit
555 620 587 678 in
601 618 666 697 ejus
677 618 797 694 laudes,
807 632 921 680 vocans
933 619 1164 696 fortissimum
1179 643 1248 702 qua-

204 713 228 772 si
240 709 366 770 habitus
378 701 533 790 corporis,
546 707 630 788 quod
643 709 838 782 lustraverat,
849 721 931 768 totus
941 725 1019 770 esset
1027 711 1131 770 faetus
1142 711 1181 770 ad
1194 711 1251 770 for-
1307 725 1308 792 j

203 799 366 860 titudinem
377 821 385 871 3
400 798 562 878 additque,
573 817 644 856 vere
655 817 688 856 se
700 799 733 856 in
746 797 801 856 illo
814 817 978 877 agnoscere
988 797 1134 864 Anchisae
1146 799 1249 870 verba,
1307 801 1308 826 ³

203 909 326 962 vocem,
347 887 482 946 vultum:
499 905 567 966 quae
579 886 770 967 lausmsgna
782 887 892 948 AEneae.
912 887 1069 948 Particula
1083 902 1131 962 ut,
1146 902 1192 947 est
1203 887 1250 946 ad-

202 979 347 1038 mir'antis
355 977 598 1036 consentientem
613 975 755 1034 habitum
770 976 953 1036 AEneaecum
968 976 1114 1042 Anchisa.

244 1068 309 1147 157.
325 1067 469 1145 Superior
482 1061 609 1122 affectus
621 1063 757 1144 petebat,
772 1079 807 1122 ut
818 1063 945 1139 diceret,
959 1064 1015 1124 ubi
1027 1063 1185 1124 Anchisen
1198 1085 1248 1144 ag·
1307 1075 1308 1086 ¹

200 1155 475 1215 novissetGraecus
494 1151 609 1225 homo,
626 1171 723 1232 quum
740 1151 792 1210 hic
808 1151 943 1231 Trojano
962 1153 1047 1213 bello
1069 1175 1136 1214 non
1154 1156 1248 1212 inter·

199 1245 324 1304 fuisset:
343 1242 403 1302 hoc
418 1242 483 1322 jam
500 1241 638 1322 explieat.
659 1241 794 1300 Hesione
810 1259 899 1300 soror
912 1242 1031 1300 Priami
1049 1257 1201 1322 nupserat
1217 1246 1247 1300 in

199 1335 275 1394 urbe
289 1334 443 1394 Salamine
452 1331 624 1392 Telamoni.
640 1330 725 1389 Abiit
738 1348 775 1388 eo
789 1331 945 1403 Priamus,
959 1351 1102 1390 sororem
1116 1349 1152 1391 ut
1164 1333 1247 1390 vide·

198 1437 260 1498 est;
274 1423 403 1483 adduxit
414 1444 516 1498 secum
526 1422 566 1481 ad
578 1421 773 1494 comitatum,
785 1433 852 1479 tum
866 1421 982 1480 multos
993 1424 1169 1502 principes,
1180 1437 1245 1481 tum

196 1515 365 1596 praesertim
385 1511 546 1572 Anchisen.
567 1513 641 1570 Post
658 1513 756 1568 visam
772 1511 943 1584 Salamina,
961 1511 1083 1591 placuit
1099 1515 1244 1591 protinus,

198 1603 357 1682 deinceps,
370 1602 530 1662 Arcadiam
543 1601 691 1673 invisere,
704 1613 846 1660 ettotam
856 1599 944 1658 illam
956 1602 1120 1680 regionem
1133 1602 1247 1682 perlus-

196 1704 296 1750 trare:
314 1690 387 1749 hinc
400 1690 536 1762 factum,
551 1701 586 1747 ut
600 1689 756 1758 Priamus,
771 1699 802 1745 et·
814 1686 925 1767 reliqui
939 1685 1071 1767 Trojani
1085 1689 1245 1768 Principes

198 1783 410 1860 exciperentur
424 1778 562 1856 hospitio
575 1775 615 1836 ab
628 1775 808 1836 Arcadibus.

237 1871 301 1927 160.
322 1869 425 1946 Pergit
439 1867 577 1924 narratio
590 1866 743 1924 Evandri:
760 1886 844 1924 eram
861 1876 1001 1942 agotum
1019 1868 1052 1924 in
1070 1868 1174 1946 prima
1189 1889 1242 1948 pu·

199 1955 332 2013 bertate:
350 1953 491 2010 mirabar
503 1949 655 2030 Trojanos
670 1971 793 2027 omnes,
807 1953 965 2012 Priamum
983 1954 1103 2032 ipsum,
1117 1954 1170 2012 sed
1184 1976 1244 2014 nes·

199 2046 246 2104 cio
262 2062 324 2124 quo
340 2061 445 2100 amore
457 2040 598 2120 rapiebar
610 2042 644 2098 in
657 2039 824 2101 Anchisen:
847 2040 993 2100 ardebam
1007 2041 1129 2122 alloqui
1142 2043 1244 2120 illum,

197 2147 233 2194 ut
246 2153 309 2193 esse
326 2131 428 2192 solent
443 2128 594 2210 juvenum
615 2130 731 2205 studia,
748 2129 929 2190 et'de‘xtram
946 2130 1036 2190 dare:
1055 2135 1168 2192 accessi
1183 2148 1245 2192 tan-

196 2223 284 2296 dem,
306 2233 336 2280 et
359 2219 489 2301 cupid-us
512 2217 691 2280 demerendi
714 2221 772 2279 viri
796 2219 870 2280 duxi
892 2218 930 2278 ad
952 2217 1114 2280 Pheneum
1137 2223 1241 2280 urbem

196 2333 306 2372 meam.

235 2445 292 2497 160.
308 2446 392 2498 Genus
404 2439 515 2494 vestibit.
532 2443 600 2514 Hinc
614 2441 695 2497 vestis
741 2432 859 2506 vestis»,
874 2443 967 2507 idest,
981 2439 1084 2507 barba,
1097 2457 1126 2494 ut
1139 2444 1240 2495 Servius

196 2543 246 2594 pro
257 2524 329 2594 pube
339 2545 344 2573 ε
355 2521 427 2574 unde
437 2517 693 2594 vesticeps,‘pubes;
735 2526 863 2596 exponit,
883 2535 909 2574 et
922 2522 992 2573 Scal.
1005 2525 1052 2588 IV,
1069 2524 1113 2588 16,
1137 2523 1239 2594 probat.

195 2615 221 2654 et
237 2603 410 2672 iuvestieep's,
427 2601 567 2672 impubes:
586 2603 711 2653 investis'
734 2605 808 2655 'Nam
821 2604 893 2656 uestis
904 2602 1067 2674 generaliter
1085 2613 1165 2656 omne
1178 2606 1241 2654 inte·
1307 2661 1308 2672 ἵ

195 2701 302 2754 quoqne
314 2700 382 2752 puer
392 2681 489 2733 dicitur
500 2683 627 2734 imberbis
636 2683 694 2734 Pal·
738 2695 891 2754 gumentnm
906 2695 959 2742 est;
983 2684 1021 2732 ita
1040 2683 1167 2747 arbores,
1185 2701 1241 2754 gra·
1307 2703 1308 2748 j

192 2762 275 2814 ladio.
300 2762 463 2834 Lonuqiuem
483 2775 571 2814 autem
592 2764 692 2832 ipsam,
729 2776 811 2826 ’men,
827 2761 930 2824 herbas,
946 2773 1050 2831 segetes
1062 2760 1117 2812 dici
1130 2774 1238 2831 possunt

132 2911 134 2915 Ι
185 2841 423 2918 florem·llirgilius
437 2840 573 2910 appellen
595 2840 692 2892 Lucre·
737 2853 813 2894 vestm
827 2853 915 2900 .terroe,·
938 2851 968 2890 ut
988 2853 1067 2891 notat
1088 2841 1179 2893 Gifan.
1201 2843 1239 2892 lta

193 2924 260 2985 tius,
283 2919 397 2976 mollero,
416 2921 535 2980 barbam:
557 2920 691 2985 LuciliuS,
737 2921 815 2972 Prud.
833 2933 956 2972 uvestem
967 2919 1120 2990 plumarum
1133 2945 1145 2966 n
1167 2921 1237 2972 dixit.
1307 2979 1308 2988 ἵ

192 3000 324 3055 herbulam
344 2990 467 3070 primum.
493 3000 544 3050 Hic
564 2999 692 3052 alluditur
736 3000 897 3064 Columella,
919 3000 1013 3070 “ripas
1029 3000 1151 3070 gramine
1163 3003 1238 3052 vesti-
1307 3011 1308 3064 ζ

191 3080 226 3133 ad
238 3081 390 3132 Graecorum
404 3079 541 3144 ἀνθερεῶνα,
560 3091 690 3144 mentum,
736 3080 934 3145 tasnPliuius,
951 3078 1074 3130 «animal
1086 3079 1143 3150 pilo
1158 3083 1236 3131 vesti·
1307 3069 1308 3108 l

193 3158 265 3230 quod
283 3177 298 3209 a
316 3155 433 3228 pilorum
452 3155 516 3207 flore
536 3158 573 3207 sic
590 3155 690 3207 dictum
736 3157 941 3209 tumn-Flore.
949 3157 1081 3208 Pacuvius
1090 3157 1238 3231 dixitmpa-

189 3249 293 3309 putant.
309 3237 336 3290 V
333 3237 421 3288 estibat
429 3235 492 3286 v'ero
502 3254 552 3305 pro
563 3235 689 3296 vestiebat‚·
735 3237 850 3312 catstora
861 3235 958 3306 lunayo
966 3254 1047 3306 penas
1059 3258 1065 3284 .-
1086 3236 1164 3298 alibi3
1184 3239 1238 3288 irrt'-
1307 3271 1308 3292 t

188 3337 250 3370 nam
262 3330 347 3388 poetae
356 3316 432 3367 metri
440 3317 525 3387 gratia
531 3313 689 3385 plerumque
732 3327 793 3388 pat:
807 3316 890 3376 idem3
896 3315 962 3390 flori
971 3315 1054 3367 crines
1055 3318 1158 3386 jacent.

190 3397 309 3448 vocalem
320 3415 334 3446 e
344 3387 482 3464 abjiciunt.
493 3395 601 3460 Vestite,
611 3394 690 3446 trala·
744 3429 748 3434 -
772 3396 829 3448 161.
843 3395 1011 3466 Mirabarque
1024 3395 1102 3447 duces
1120 3397 1234 3449 Teucros.

189 3489 245 3526 tum
258 3475 293 3526 ad
302 3477 415 3545 primam
427 3473 517 3524 barba
526 3474 692 3544 lanuginem.¹
733 3477 789 3526 Hos
807 3475 913 3534 iaudat:
939 3491 994 3544 quo
1014 3475 1112 3526 melior
1127 3479 1162 3527 sit
1181 3477 1237 3540 ille,
1307 3489 1308 3552 l

188 3555 229 3604 lta
248 3553 325 3605 Lacr.
344 3554 391 3606 lib.
409 3559 448 3606 V:
474 3554 563 3624 «Tum
582 3553 688 3604 demum
734 3575 813 3626 quem
833 3557 949 3626 prefert.
972 3556 1043 3608 Serv.
1060 3583 1095 3596 -·-
1111 3558 1236 3608 Esthuic

187 3634 278 3705 pneris
291 3633 469 3684 aero-llorente
478 3635 602 3702 juventas
611 3632 688 3684 Occi·
733 3635 1236 3690 sententiaesuusfundus.Solentsenes
1307 3661 1308 3684 ³

186 3715 240 3783 pir,
258 3722 284 3760 et
299 3711 374 3761 molli
389 3713 467 3762 vestit
486 3713 612 3784 lanugine
628 3729 686 3762 ma-
732 3715 891 3768 laudareet
912 3713 1058 3781 admirari,
1083 3736 1143 3788 quae
1166 3733 1236 3789 gesta

186 3791 691 3862 las.»Hincvestisprnpube,ibidem,=
731 3806 793 3844 suut
813 3794 878 3863 ipsis
898 3793 1067 3862 juvenibus:
1092 3815 1126 3850 ea
1145 3797 1237 3868 displi-
1307 3803 1308 3832 l

190 3885 237 3922 aar
268 3867 405 3936 impubem
432 3872 510 3922 nolli
538 3872 685 3942 pubescere
731 3885 805 3939 cent,
821 3889 880 3942 quaa
900 3885 962 3922 tunc
984 3872 1123 3926 accidunt.
1142 3877 1234 3930 Horat.

185 3961 288 4002 vestm
307 3946 340 3994 Et
353 3958 443 3998 noster
458 3951 542 4014 intra,
561 3968 599 4001 vs.
616 3951 683 4018 659:
731 3954 808 4022 epist.
820 3951 854 4002 ad
865 3953 987 4004 Pisones:
1003 3953 1236 4010 «Laudatortem-

189 4024 595 4097 :1Aureacaesariesollis,atque
603 4047 683 4080 aurea
729 4033 803 4099 poris
815 4033 865 4082 acti
877 4050 904 4084 sc
916 4049 1008 4099 puero.
1023 4055 1033 4077 r
