2644 4614
233 307 296 390 rso
480 369 482 374 ,
560 307 942 374 couneursma

232 453 266 494 ac
278 435 374 490 Lunae
385 427 495 504 radiis,
510 430 556 489 uti
570 449 607 488 cx
620 449 652 490 se
665 429 773 490 lumen
788 453 902 512 vagum
911 453 946 492 ac
955 431 1139 494 discurrens
1151 437 1276 510 emittst3

230 534 259 580 et
268 537 353 578 nunc
364 531 459 591 tecta,
467 537 553 576 nunc
561 518 691 596 parietes
700 519 886 579 velocissime
896 534 1072 601 percurrat,
1083 523 1186 604 idque
1192 545 1274 606 saepe3
1316 519 1317 610 l

231 626 302 664 nam
316 625 394 686 saepc
406 603 501 663 radiis
511 605 701 686 percutitur:
718 606 811 664 talem
823 605 907 687 finge
917 608 1057 668 AEneam.

271 697 318 756 26.
329 696 502 776 Descriptio
513 697 613 754 noctis
623 717 642 755 a
651 716 780 777 sopore,
795 716 858 776 quo
871 695 958 754 alites
967 711 997 756 et
1006 698 1145 778 pecudes
1153 701 1275 781 prolun-

140 785 142 790 ’
229 785 356 845 dissimo
370 787 553 866 capiuntur:
573 785 643 846 ideo
660 805 745 866 sopor
760 787 903 864 signate,
922 806 1007 862 non,
1027 809 1180 850 somnus:
1200 789 1275 849 hunc

229 875 356 955 adjuvat
368 874 474 948 labor;
489 877 651 957 praemittit
664 877 748 934 enim
757 919 765 948 ,
771 876 853 957 sessa
862 875 1017 939 animalia.
1070 919 1072 926 .

269 974 316 1032 28.
331 974 440 1032 AEneas
450 992 575 1053 quoque
584 973 664 1030 tristi
674 969 829 1030 bellorum
842 973 1031 1052 cogitatione
1045 972 1215 1034 distractus
1224 1020 1231 1050 ,
1241 974 1274 1034 ad

228 1067 327 1144 ripam
340 1063 465 1144 Tyberis
481 1083 578 1141 quum
597 1071 691 1135 esset,
711 1074 742 1118 ct
752 1059 808 1119 sub
823 1059 911 1121 nudo
925 1061 1057 1136 aetbere,
1078 1085 1147 1123 non
1165 1068 1274 1124 tamin

228 1173 355 1214 somnos
370 1154 536 1225 concessit,
558 1171 652 1232 quam
671 1148 768 1209 fessus
782 1150 967 1230 procubuit,
988 1165 1019 1212 et
1035 1173 1137 1212 seram
1151 1154 1275 1213 tandem

228 1244 363 1323 quietem
377 1239 518 1311 admisit,
533 1260 568 1298 ac
582 1238 639 1297 sibi
654 1237 802 1296 indulsit:
823 1238 1026 1320 vicitquippc
1039 1239 1132 1300 illum
1144 1243 1273 1325 vigilan·

227 1343 306 1405 tem,
329 1343 358 1388 et
375 1328 471 1388 veluti
491 1327 704 1387 obluctantem
723 1346 834 1386 somno
854 1338 966 1387 natura
985 1330 1069 1410 ipsa,
1089 1343 1121 1388 et
1138 1328 1273 1390 humana

227 1421 398 1480 necessitas.

266 1518 314 1577 31.
336 1517 512 1576 Dormienti
536 1529 665 1598 apparet
685 1515 797 1576 fluvius
817 1517 1011 1598 Tyberinus,
1037 1519 1092 1598 qui
1113 1519 1198 1578 illius
1218 1521 1273 1578 loci

225 1608 325 1667 Deus:
342 1605 525 1664 describitur
537 1605 602 1686 ejus
614 1619 704 1678 aetas,
723 1618 752 1664 et
763 1619 908 1664 ornatus:
925 1618 997 1665 aetas
1010 1627 1087 1665 nam
1103 1611 1203 1668 senior
1209 1633 1220 1681 ,·
1234 1610 1273 1666 ita
1316 1669 1317 1676 χ

225 1697 311 1755 enim
326 1695 415 1754 fluvii
434 1696 472 1754 ab
491 1699 659 1756 aeternitate
674 1715 746 1754 sua:
768 1707 894 1755 ornatus
909 1695 1042 1778 duplex3
1065 1698 1165 1756 inerat
1181 1697 1228 1756 illi
1242 1699 1272 1755 iu
1316 1697 1317 1778 l

224 1795 354 1864 corpore
367 1783 457 1842 vestis
472 1785 573 1842 tenuis
590 1783 767 1856 carbasina,
787 1783 836 1840 cui
849 1782 977 1862 glaucus
994 1783 1098 1856 color:
1124 1786 1157 1843 in
1177 1785 1272 1864 capite
1316 1781 1317 1874 l

224 1889 338 1930 corona
356 1867 545 1942 arundinea,
567 1890 629 1950 qua
645 1869 872 1928 umbrabantur
888 1871 1006 1929 crines:
1029 1871 1139 1930 extulit
1155 1893 1229 1930 vero
1244 1890 1273 1930 se
1316 1875 1317 1924 l

223 1960 304 2018 inter
315 1956 464 2039 populeas
477 1957 622 2031 frondes,
637 1960 712 2038 quia
724 1959 791 2036 ripa
803 1957 960 2034 fluminis,
976 1973 1125 2041 praetexta
1138 1961 1270 2043 populis.

264 2055 312 2115 35.
328 2052 467 2127 Affatur,
482 2057 582 2135 utqui
596 2052 872 2130 consolabundus3
887 2068 916 2114 et
927 2055 1028 2116 demit
1040 2078 1146 2132 curas,
1161 2059 1273 2139 quibus

223 2148 332 2209 AEneas
344 2145 485 2205 turbatus
498 2147 633 2206 instante
647 2145 741 2206 bello.

264 2235 311 2296 36.
327 2235 438 2316 Captet
449 2233 540 2294 illum
555 2236 647 2296 initio
661 2237 828 2308 sermonis;
845 2257 918 2295 nam
931 2257 949 2294 a
962 2236 1031 2295 Diis
1047 2249 1130 2297 satus
1145 2251 1271 2318 propter

222 2327 385 2385 Venerem.
394 2321 515 2383 Revebis
524 2320 777 2407 nobis'Trojanum
787 2323 897 2397 urbem,
908 2322 940 2382 id
951 2338 1006 2400 est,
1017 2323 1171 2406 Trojanos
1181 2327 1272 2398 circe,

221 2410 341 2491 hosque
353 2415 501 2492 ereptos'a
514 2411 630 2472 Graecis
641 2409 799 2485 hostibus3
818 2413 905 2492 quasi
913 2408 1000 2471 dicat
1011 2435 1018 2470 :
1035 2425 1070 2472 tu
1083 2434 1165 2474 unus
1178 2425 1271 2472 tantae
1316 2443 1317 2458 κ

221 2497 317 2556 cladis
337 2509 514 2579 reparator:
537 2511 567 2558 ct
586 2497 694 2558 revehis
714 2500 757 2557 ait
776 2513 905 2580 propter
922 2499 1126 2574 Dardanum
1151 2500 1192 2559 de
1211 2522 1270 2581 quo
1316 2571 1317 2580 χ

221 2586 313 2660 alibi,
329 2585 397 2644 binc
409 2585 566 2646 Dardanus
579 2600 672 2661 ortus,
693 2586 751 2648 buc
762 2591 868 2669 repetit.
885 2589 1005 2668 Pergit3
1025 2603 1194 2670 ceteraque
1206 2591 1272 2648 Per
1316 2581 1317 2638 l

220 2697 310 2758 quma
321 2696 433 2750 sucas,
453 2676 560 2750 idest,
579 2675 730 2737 servando
747 2677 841 2752 facis,
859 2689 894 2738 ut
911 2678 972 2736 sint
989 2691 1115 2738 aterna.
1135 2681 1214 2755 Quae
1227 2699 1271 2737 se·
1316 2737 1317 2744 ,

222 2779 376 2848 quuntur,
397 2766 548 2826 attollunt
564 2769 706 2827 animum
720 2767 837 2842 AEneae,
859 2769 1033 2850 Exspectate
1053 2767 1117 2829 solo
1132 2771 1271 2829 Lamenti
1316 2783 1317 2838 l

219 2858 351 2938 arvisque
362 2858 482 2916 Latinis.
493 2857 554 2915 Dat
563 2858 647 2916 enirn
658 2858 736 2916 arvis
746 2859 930 2917 Latinorum
944 2856 1095 2917 affectum
1107 2858 1273 2918 incredibi-

220 2948 282 3008 lem
295 2945 413 3005 visendi
425 2947 545 3004 AEncae:
562 2959 736 3026 exspectant
745 2959 788 3022 te,
808 2949 916 3022 AEnea,
936 2959 1026 3008 terrac
1036 2949 1227 3024 Laurentes,
1244 2959 1271 3006 et
1316 2963 1317 2986 ¹

221 3055 296 3094 arva
308 3036 366 3092 ista
379 3035 514 3115 gestiunt
525 3033 695 3114 cupiditate
705 3036 762 3093 tui.

261 3127 309 3204 39.
331 3125 483 3183 Petiverat
501 3125 610 3192 AEneas
629 3125 663 3182 in
682 3125 725 3184 Ill
744 3123 862 3183 AEneid.
882 3125 932 3184 Da
948 3126 1099 3205 propriam
1121 3122 1271 3204 Tymbrrce

222 3215 342 3276 domum
350 3259 359 3287 ,
374 3212 412 3270 da
426 3211 634 3292 moeniusessis.
647 3213 724 3270 Ecce
737 3233 821 3273 nunc
833 3209 980 3293 Tyberis3
995 3213 1056 3272 Hic
1070 3211 1121 3272 tibi
1133 3226 1215 3272 certa
1226 3211 1272 3271 do·
1316 3221 1317 3286 j

220 3328 285 3367 mus
291 3329 302 3378 ;
311 3305 380 3364 certi
389 3305 512 3361 Penates
522 3325 530 3358 :
541 3321 665 3360 nevero
676 3301 796 3360 fatiscat
804 3301 817 3376 ,'
824 3301 927 3375 addit,
942 3323 978 3360 ne
987 3299 1108 3375 absiste,
1123 3322 1161 3360 ne
1172 3315 1271 3360 terrere

219 3397 307 3454 minis
315 3390 401 3452 belli:
414 3391 567 3472 quintibi,
576 3391 680 3470 inquit
688 3391 812 3466 lluvius,
820 3391 957 3472 propitia
967 3403 997 3449 et
1004 3389 1107 3450 fausta
1117 3392 1270 3471 promitto
1316 3385 1317 3408 ²

218 3481 378 3541 numina:
391 3499 465 3536 nam
479 3491 575 3537 mmor
586 3479 729 3550 Deorum,
752 3497 815 3558 quo
831 3483 865 3537 in
882 3491 912 3537 te
927 3477 1047 3551 inllati,
1070 3481 1137 3552 irre,
1158 3479 1270 3559 quibus

219 3569 386 3637 commoti,
399 3564 464 3646 jam
477 3585 652 3636 concessere,
668 3585 799 3640 cessere,
815 3563 927 3626 abiere.

259 3661 307 3736 42.
330 3661 463 3722 Adhibet
480 3662 631 3722 indicium
651 3665 805 3740 vaticinii,
826 3684 865 3722 ne
884 3665 992 3724 AEneas
1010 3676 1100 3744 putet
1119 3685 1152 3722 se
1170 3663 1270 3744 deripi

220 3753 321 3808 somni
335 3751 492 3810 ludibrio:
508 3752 646 3809 invenies
661 3752 693 3809 in
706 3751 812 3825 litore,
828 3772 862 3809 ac
875 3750 933 3809 sub
947 3750 1016 3808 ilice
1029 3771 1137 3826 suem,
1154 3753 1205 3810 cui
1220 3749 1268 3808 tri·

220 3837 307 3915 ginta
322 3837 471 3914 porcelli,
499 3840 564 3918 ipsa
582 3836 671 3914 alba,
693 3851 722 3898 et
739 3841 804 3898 nati
825 3836 905 3896 albi:
925 3834 1044 3918 jacebit
1064 3837 1137 3914 illa,
1158 3853 1191 3898 et
1210 3835 1271 3896 nati

218 3917 400 4002 pendebunt
410 3922 448 3978 ab
458 3920 624 3985 uberibus:
643 3926 727 4002 vide,
743 3939 820 4007 quot
831 3926 1080 3986 circumstantias
1092 3925 1273 4006 complexus
1316 3945 1317 3954 ¹

217 4007 319 4068 verbis
335 4008 536 4084 paucissimis.
