2700 4586
201 367 205 376 ,
258 299 303 385 'if
585 301 965 367 COMMENTARIA

262 423 419 509 Trojanus,
431 440 560 508 propter
570 427 713 500 AEneam3
731 446 767 484 ex
776 422 898 505 pulchra
911 427 1037 506 origine,
1056 439 1183 508 propter
1196 429 1303 488 Vene-

258 532 338 587 rem,
352 512 390 571 ad
406 535 500 593 quam
511 535 607 596 genus
622 534 714 574 suurn
727 511 900 572 referebant
912 513 1059 588 Caesares,
1074 529 1182 574 auctor
1194 517 1305 576 Sueto·

257 601 327 658 nius
340 601 373 659 in
385 603 486 676 Julio,
506 624 573 684 cap.
589 602 642 677 61,
662 603 713 683 qui
725 603 854 662 tenninet
869 603 1020 682 imperium
1035 603 1165 676 Oceano,
1177 604 1303 686 famum

257 690 349 747 astris.
365 691 524 772 Sequitur:
539 693 555 750 J
559 692 615 750 ulii
628 711 734 750 nomen
746 690 899 748 demissum
910 703 953 748 est
962 711 980 747 α
991 711 1098 772 magno
1108 689 1184 750 fule.
1201 693 1303 750 Attin-

256 777 303 862 git
321 793 427 858 postea
441 780 644 862 apotheosin:
666 782 788 861 accipies
806 776 884 838 hunc
898 776 968 838 caeio
987 777 1073 854 oiim,
1094 780 1124 839 id
1144 793 1204 856 est,
1226 802 1303 840 ven-

256 877 327 924 turo
346 887 427 943 aevo,
448 885 478 929 et
496 873 631 951 accipies,
650 881 686 928 ut
706 889 799 949 supra
811 868 889 950 seres
908 870 1052 928 AEneam:
1073 871 1117 928 ait
1137 890 1240 928 secura
1260 868 1301 927 ab

256 952 391 1014 lunonis
415 957 510 1032 dolis,
534 971 669 1017 onrrstum
692 954 791 1037 spoliis
814 957 953 1030 Orientis,
979 955 1090 1016 alludit
1114 955 1153 1014 ad
1178 956 1302 1015 bellum

255 1037 484 1102 Pharsalicum:
502 1045 651 1106 uocabitur
661 1043 708 1104 bic
721 1064 834 1126 quoque
846 1047 932 1118 votis,
950 1059 985 1105 ut
999 1046 1111 1126 reliqui
1126 1066 1142 1104 e
1157 1045 1302 1124 Superis,

257 1129 371 1207 quibus
383 1146 455 1192 vota
470 1133 569 1195 solent
581 1134 659 1194 fieri.

274 1302 281 1316 .
295 1234 362 1294 291.
375 1219 518 1300 Sequitur
532 1243 603 1303 pars
615 1234 749 1282 extrema
763 1221 952 1279 narrationis
962 1221 1048 1279 Jovis
1058 1219 1222 1280 continens
1231 1217 1302 1278 feli-

255 1315 380 1364 citatem
395 1309 540 1390 Augusti,
555 1329 725 1392 pacemque
740 1308 827 1367 illam
841 1307 963 1388 Sibyllis
979 1306 1055 1366 olim
1068 1319 1098 1366 et
1110 1306 1232 1366 vatibus
1245 1305 1300 1365 de·

255 1405 432 1492 cantatam:
455 1400 492 1458 ad
509 1420 602 1479 quam
616 1421 681 1459 rem
696 1395 828 1479 gradum
844 1396 918 1456 facit
932 1418 950 1455 a
966 1397 1129 1456 divinitate
1145 1395 1237 1467 Julii3
1261 1415 1300 1454 eo

255 1497 339 1538 euim
354 1482 450 1543 relato
466 1488 498 1544 in
513 1489 662 1568 Superos,
680 1497 786 1546 secuta
797 1498 841 1545 est
853 1506 913 1566 pax
928 1485 985 1544 sub
1000 1487 1157 1565 Augusto:
1175 1496 1250 1556 mm,
1265 1481 1302 1540 id

255 1579 314 1666 est,
334 1567 446 1631 deinde
460 1573 557 1634 secula
573 1597 672 1657 aspera
687 1569 856 1646 mitescent,·'
868 1572 938 1632 vide
955 1574 1201 1654 oppositionem,
1224 1571 1302 1651 quia

255 1652 376 1753 dixerat
387 1681 500 1740 aspera,
521 1663 591 1724 ideo
606 1667 766 1735 mitescent;
781 1675 887 1743 estque
898 1661 1061 1721 translatio
1076 1659 1209 1718 deducta
1224 1681 1241 1717 a
1254 1657 1301 1718 fe-

254 1759 397 1886 bill'quae
409 1752 510 1828 posita
525 1753 719 1812 immanitate
733 1764 969 1824 mansuescuut3
982 1749 1052 1808 ideo
1065 1747 1185 1820 statim,
1196 1748 1301 1826 positis

314 1851 345 1889 ts.
1148 1843 1151 1848 ’

290 1936 363 2020 ¹292..
374 1922 615 1988 Comitabnntnr
624 1929 753 2010 Augusti
763 1946 864 1987 aevum
877 1925 1005 1983 virtutes
1018 1922 1176 1996 maximae,
1189 1920 1223 1978 in
1235 1919 1301 1999 pri-

253 2021 313 2062 nus
326 2008 423 2084 Fides,
443 2027 472 2073 et
488 2014 556 2076 haec
569 2038 660 2092 cana,
680 2016 789 2091 idest,
805 2014 947 2094 antiqua;
964 2011 1124 2072 eratenim
1138 2010 1302 2088 Augustus

253 2111 456 2172 renovaturus
470 2126 599 2166 aureum
615 2119 645 2166 et
660 2107 795 2189 priscum
812 2101 967 2176 seculum,
986 2097 1043 2160 ubi
1055 2101 1199 2172 virtutes,
1218 2094 1301 2154 fides

253 2179 420 2264 inprimis,
433 2191 617 2255 floruerunt.
637 2195 721 2272 Quid
735 2193 898 2277 praeterea?
916 2206 942 2252 et
958 2194 989 2254 V
985 2204 1045 2250 estu
1049 2234 1059 2264 ,
1072 2186 1209 2267 intellige
1221 2185 1301 2244 reli-

253 2272 400 2350 gionem:
417 2280 529 2344 deiude
547 2286 686 2367 Quirinus
703 2285 873 2367 cumfratre
883 2286 974 2344 Remo
988 2275 1190 2360 dubuntjura:
1203 2277 1300 2356 quasi

254 2410 312 2479 det,
327 2420 396 2472 Certe
405 2423 465 2476 binc
474 2427 611 2482 Romanos.
620 2428 654 2479 Et
664 2429 749 2480 omnis
793 2444 847 2498 pax
854 2428 903 2479 erit
912 2444 961 2496 per
970 2424 1069 2475 orbem.
1082 2422 1194 2473 Constat
1204 2429 1301 2470 antem

252 2505 526 2570 P⁰⁰¹ae¹ntentio‚ad
543 2505 650 2559 laudem
665 2504 751 2558 tendit
794 2505 922 2576 templum
945 2502 996 2553 hoc
1020 2513 1060 2552 ter
1086 2517 1142 2551 esse
1162 2497 1300 2550 clausum.

253 2570 365 2662 dugusti
377 2601 383 2630 :
396 2579 452 2634 b'tec
465 2597 553 2637 autern
564 2587 637 2638 Jovis
645 2585 750 2654 allocu-

253 2662 307 2742 tto,
324 2661 421 2726 partim
439 2662 547 2733 objecta‘
560 2678 671 2738 purgat3
685 2683 748 2736 par·

253 2741 301 2782 tim
315 2735 405 2808 aliqua
421 2740 615 2811 polliceturss-
625 2744 747 2796 Pulchra.

251 2810 348 2867 Allusit
358 2834 469 2892 propter
479 2825 616 2878 Venerem.
626 2827 695 2879 Serv.

289 2895 347 2961 289.
362 2898 440 2950 Olim.
451 2903 533 2954 Modo
544 2906 626 2956 futuri
636 2918 675 2957 est
684 2918 751 2957 tem-

251 2974 333 3038 poris.
353 2975 427 3026 Coelo.
446 2979 592 3031 luculum.
610 3012 645 3021 -
657 2983 752 3053 Spoliis

253 3051 750 3124 orientis.VictoPharuace,Mithrida·

253 3130 287 3180 tis
301 3129 369 3199 filio,
383 3136 429 3203 qui
445 3155 473 3188 re
485 3155 548 3188 vera
560 3138 610 3187 fuit
624 3139 651 3188 in
664 3141 750 3190 orien-

252 3221 294 3262 te:
308 3225 431 3266 caeterum
440 3217 580 3287 AEgyptus,
590 3217 618 3266 in
629 3235 682 3286 qua
689 3218 749 3267 Pto·

252 3289 373 3346 lemaeum
386 3297 463 3361 vicit,
475 3298 503 3347 in
516 3295 626 3347 australi
639 3307 679 3348 est
690 3296 749 3366 pla·

253 3387 295 3440 ga.
306 3375 375 3426 Serv.

291 3467 349 3518 290.
359 3454 475 3528 Accipies
482 3475 577 3510 secura.
584 3456 675 3523 Quare
682 3473 750 3507 secu·

254 3529 300 3618 ruf
315 3545 360 3582 aut
381 3538 444 3603 quia
463 3557 534 3589 nunc
554 3535 684 3598 sollicita;
704 3548 750 3587 aut

255 3621 319 3675 quia
339 3611 425 3662 Caesar
443 3630 505 3684 post
525 3629 637 3668 mortem
654 3616 751 3667 meruit

254 3701 342 3754 aram,
353 3689 500 3762 fastigium,
510 3695 655 3759 flaminem3
668 3707 698 3746 ut
709 3693 752 3745 Ci-

255 3780 317 3814 cero
331 3767 356 3816 in
371 3766 531 3842 Philippicis.
542 3775 611 3827 Serv.

292 3861 350 3914 291.
363 3847 459 3919 Aspera
468 3862 531 3904 tum.
540 3855 570 3906 ld
580 3867 635 3920 est,
647 3853 749 3908 Gasare

792 2585 908 2635 Primum
927 2592 1054 2654 regnante
1079 2579 1192 2628 Numa:
1212 2577 1301 2644 item,
1348 2629 1349 2634 ,

792 2674 854 2733 post
866 2660 967 2712 bellum
982 2659 1111 2709 Punicum
1127 2654 1299 2707 secundum:

793 2743 872 2794 tertio
884 2737 1024 2812 postbella
1033 2737 1149 2800 Actiaca,
1161 2751 1218 2804 quae
1230 2752 1301 2784 con-

794 2823 858 2874 fecit
870 2821 1020 2892 Augustus3
1037 2833 1090 2887 quo
1105 2827 1224 2885 tempore
1242 2831 1301 2883 pax

796 2901 903 2973 quidem
919 2901 986 2964 fuit,
1002 2910 1130 2969 quantum
1144 2893 1179 2945 ad
1190 2905 1299 2946 exteras

795 2984 911 3053 pertinet
927 2991 1035 3050 gentes:
1050 2973 1096 3028 sed
1112 2972 1184 3025 bella
1195 2971 1300 3042 flagra-

795 3079 857 3112 vere
866 3058 962 3123 civilia,
969 3055 1042 3128 quod
1050 3066 1076 3106 et
1085 3055 1142 3124 ipse
1152 3071 1201 3123 per
1210 3063 1300 3102 traus-

793 3141 859 3190 itum
872 3139 970 3209 tangit;
984 3136 1089 3198 dicens,
1101 3135 1185 3184 Furor
1197 3132 1298 3202 impius

793 3219 869 3269 intus.
882 3245 916 3256 ·-
927 3217 966 3265 De
978 3213 1019 3264 his
1032 3212 1151 3264 versibus
1164 3210 1297 3282 legendus

793 3309 832 3349 est
843 3298 973 3348 Excursus
986 3295 1037 3358 lX,
1055 3282 1120 3344 tom.
1133 3293 1170 3355 11,
1184 3310 1212 3361 p.
1232 3291 1295 3358 189.

829 3393 888 3445 ²9²·
901 3376 972 3426 Cana
979 3369 1062 3445 fides,
1075 3381 1101 3422 et
1113 3371 1202 3433 Vesta,
1214 3369 1297 3421 Remo

793 3473 852 3507 cum
864 3455 949 3526 fratre
967 3453 1090 3523 Quirinus
1104 3454 1168 3524 jura
1185 3449 1295 3500 dabunt.

793 3563 827 3574 -
846 3535 994 3586 Perfectam
1013 3530 1166 3602 reipublice
1178 3528 1297 3580 felicita-

794 3629 847 3669 tem
869 3613 1012 3676 describit,
1035 3629 1092 3682 quae
1112 3608 1153 3659 his
1178 3621 1297 3677 quatuor

796 3695 962 3759 continetur,
976 3691 1111 3764 religione,
1122 3684 1193 3759 fide,
1210 3685 1297 3759 legiti-

794 3795 838 3826 ma
851 3773 1015 3837 auctoritate,
1029 3787 1100 3842 pace.
1116 3765 1215 3838 Relipio
1228 3785 1294 3818 con-

791 3855 878 3926 jungit
892 3853 1039 3924 principem
1051 3859 1077 3899 et
1088 3845 1219 3917 populum
1233 3865 1296 3898 cum

255 3939 427 3992 mmmmm,
447 3947 528 3999 quum
541 3934 675 4005 Augustus
691 3953 750 4006 reg·
793 3935 866 3998 Deo;
874 3931 943 4006 fides
951 3928 1081 4002 populos,
1094 3939 1120 3978 et
1130 3929 1199 3977 inter
1211 3943 1256 3992 se,
1268 3941 1297 3979 et

255 4017 320 4056 nare
330 4007 452 4078 ooeperit,
465 4007 555 4062 clauso
564 4014 624 4066 Jani
633 4013 748 4085 templo,
794 4033 854 4068 cum
880 4013 1001 4084 principe
1027 4008 1128 4068 sociam
1156 4008 1298 4060 auctoritas
