2670 4596
312 271 360 333 m
386 270 620 336 muninus
644 272 734 335 Lm.
760 273 785 335 1.
1024 301 1064 368 29

13 403 15 474 t
47 413 136 452 unae
146 393 268 464 meritis,
281 393 306 449 si
309 391 390 472 forte
401 393 493 450 virum
504 411 602 472 quem,
617 393 714 451 inesse
725 413 761 452 ex
771 393 873 454 studio
883 389 1066 476 gravitatem

13 483 15 488 '
46 499 246 551 numerorum,
262 499 325 558 quo
339 477 387 536 illi
402 481 469 538 viro
484 481 616 558 gravitas
628 480 821 540 concilietur.

13 585 14 588 ’
77 567 134 643 riq.
147 565 374 628 Accommodat
386 569 551 648 proposito
568 572 849 650 comparationem:
863 570 946 632 clara
961 578 1067 635 omnia

47 668 119 714 sunt:
141 654 256 714 maluit
274 667 408 728 cunctus,
431 675 524 734 qnam
544 657 652 729 omnis,
675 659 719 714 ait
737 656 883 738 Scaliger,
907 673 972 719 tum
994 665 1068 742 quia

46 741 151 822 plenior
165 761 288 815 sensus,
303 755 370 800 tum
386 743 460 822 quia
474 743 549 800 dicit
563 761 626 800 rem
643 742 735 801 simul
748 742 829 812 fieri,
843 745 927 826 qnod
943 769 1006 806 non
1021 749 1069 807 di-

47 832 78 888 cit
87 851 190 889 omnes.
209 832 319 910 Itaque
331 831 475 888 innuitur
488 843 653 910 tempestas
666 847 782 912 puncto
798 835 947 914 temporis
963 837 1069 896 sedata

46 919 75 976 ad
85 917 248 977 arbitrium
260 919 406 999 Neptuni.
886 913 889 918 ’

74 1007 212 1086 Sequitur
226 1027 332 1080 causa,
346 1026 402 1064 cur
414 1005 521 1066 sedata
532 1017 709 1088 tempestas,
720 1021 870 1088 postquam
883 1013 995 1090 qenitor
1003 1033 1068 1093 pro·

45 1098 149 1174 spiciens
159 1117 292 1178 «equora,
304 1087 485 1176 inveettuque
495 1097 565 1154 coelo
577 1109 689 1176 aperto,
706 1097 739 1155 id
755 1109 812 1169 est,
826 1099 908 1176 quod
925 1101 988 1180 ipse
1002 1123 1070 1182 ape·

44 1197 136 1242 ruerat
148 1182 260 1263 fugans
275 1183 389 1258 nubes,
405 1195 434 1240 et
446 1182 595 1242 reducens
607 1179 720 1257 solem',
729 1184 825 1267 flectit
836 1205 935 1266 equos,
955 1185 1070 1246 voltus·

44 1293 92 1350 que
101 1294 183 1332 curru
193 1272 319 1332 seetmdo
332 1272 383 1332 dat
397 1269 467 1332 lora.
483 1275 530 1333 Sic
542 1293 699 1354 compono
712 1271 820 1348 verba,
838 1289 985 1356 sequutus
998 1279 1073 1336 Tur·

46 1360 162 1435 nebum,
183 1364 254 1441 qni,
273 1383 360 1444 cuttu
372 1361 511 1434 secundo,
530 1361 675 1442 explicat,
695 1383 781 1422 cunm
794 1362 930 1444 perfacile
942 1377 1073 1446 sequente

45 1469 120 1530 equos
132 1465 282 1510 currentes.
298 1453 390 1509 Juxta
406 1452 564 1509 Hortensii
579 1465 730 1525 mentem,
746 1451 840 1510 verba
854 1455 1073 1534 componenda

46 1550 134 1596 essent
145 1540 203 1610 ita;
225 1535 383 1620 volensque
394 1536 446 1597 dat
459 1535 521 1596 lora
534 1559 621 1598 cunta
631 1537 772 1612 secundo,
792 1559 865 1618 pro,
884 1542 1006 1599 currui:
1019 1541 1072 1600 sed

45 1625 211 1684 Turneburn
228 1625 371 1706 prefero.
851 1683 856 1692 .

81 1715 139 1796 ¹57·
154 1701 249 1775 Re'dit
260 1715 298 1774 ad
312 1717 371 1774 iter
384 1729 458 1796 post
471 1715 598 1796 longam
611 1729 843 1797 tempestatem:
857 1719 900 1776 ait
908 1717 1020 1801 defessi,
1033 1718 1073 1778 ad

45 1805 230 1864 excitandum
245 1803 411 1864 affectum:
427 1805 538 1863 maluit
551 1805 703 1878 AEneadae,
723 1827 817 1886 quam
833 1809 956 1882 Teucri,
978 1828 1073 1888 quam

43 1891 173 1972 Troiani,
185 1913 251 1952 non
262 1893 378 1973 absque
388 1893 658 1952 commiseratione
667 1893 756 1952 ducis
766 1895 875 1953 AEneae.
886 1895 970 1952 Dicit
977 1897 1073 1974 proxi·

45 1999 86 2036 ma
99 1977 198 2060 limfa,
218 1981 291 2061 quia
306 1993 376 2061 post
387 1978 560 2060 periculum
573 1999 638 2037 non
651 1979 776 2059 eligitur
790 1977 892 2053 locus,
911 1979 963 2038 sed
974 1979 1074 2060 quod·

42 2087 156 2147 cunque
169 2058 354 2142 occurrerit,
375 2081 553 2147 occupatur.
572 2066 637 2126 lllis
651 2067 941 2148 contenduntpetete,
959 2067 1076 2126 indica·

42 2169 86 2213 tur
100 2155 239 2216 studium
256 2157 472 2238 arripientium
491 2170 614 2214 terram.
633 2158 757 2236 Signata
773 2155 841 2230 illa,
862 2169 890 2216 et
905 2155 1002 2237 Libyca
1017 2177 1076 2215 ven·

42 2257 135 2306 tantur
145 2245 188 2305 ad
196 2267 278 2319 oras,
288 2267 352 2328 qno
365 2249 477 2305 Boreas
489 2244 618 2304 classem
630 2246 773 2326 impulit,
788 2266 850 2326 quo
862 2248 946 2304 Juno
961 2244 1076 2322 voluit,

42 2347 126 2413 atque
139 2334 219 2395 adeo
232 2349 381 2396 vertuntur
391 2336 542 2394 nimirum
557 2355 575 2393 a
593 2353 687 2394 cursu
700 2333 812 2408 Italiae,
826 2333 866 2394 ad
878 2356 956 2408 oras,
969 2336 1002 2394 id
1016 2351 1075 2413 est,

42 2420 76 2479 ad
88 2421 164 2483 lines
177 2423 299 2485 Africae.

83 2513 146 2592 159.
158 2512 342 2592 Digreditur
353 2512 393 2571 ad
405 2525 516 2594 portus
531 2511 787 2594 descriptionem,
802 2510 889 2593 cujus
900 2511 1019 2594 duplex
1033 2525 1079 2572 est

43 2619 128 2678 pars:
150 2601 240 2680 prior
260 2601 398 2659 continet
419 2599 598 2658 firmitatem
620 2616 745 2681 portus3
770 2603 923 2682 posterior
943 2601 1079 2660 delicias.

43 2689 136 2768 Ergo,
150 2691 207 2748 Est
218 2687 297 2748 locus
311 2691 343 2748 in
357 2687 443 2770 lonqo
454 2710 561 2749 secessu
566 2713 577 2761 ,·
595 2710 668 2748 nam
684 2711 747 2770 quo
760 2689 910 2748 remotior
922 2691 1080 2746 secretior-

44 2797 101 2856 que
112 2789 236 2858 portus3
249 2797 286 2837 eo
300 2779 407 2837 tutior.
421 2778 541 2858 Pergit:
555 2775 653 2837 insula
663 2777 753 2860 efficit
761 2789 876 2857 portum
888 2772 999 2856 objectu
1011 2773 1080 2834 late-

43 2888 115 2925 rum.
138 2869 236 2946 Finge
258 2865 394 2926 insulam
414 2865 520 2948 aliquo
542 2868 644 2946 spatio
663 2867 830 2926 distantem
850 2886 867 2924 a
886 2865 1081 2940 continente,

43 2975 111 3033 qnae
121 2957 267 3036 utrinque
278 2953 393 3036 duplex
403 2953 518 3014 habeat
529 2953 609 3013 latus
619 2968 814 3036 porrectum,
824 2973 924 3012 unum
934 2955 1080 3026 exterius,

43 3042 107 3103 alto
124 3045 203 3104 mari
220 3046 417 3126 oppositum3
441 3043 572 3102 alterum
588 3045 734 3120 interius,
755 3041 840 3125 quod
859 3043 945 3123 longi
964 3057 994 3103 et
1009 3063 1081 3123 pro-

43 3193 165 3250 respectu
185 3181 220 3233 ad
241 3183 330 3248 feras,
355 3201 413 3252 quae
437 3182 542 3246 statim,
586 3195 640 3234 tem
661 3181 783 3234 videatur
805 3181 911 3250 penitus
934 3196 949 3228 a
971 3177 1082 3230 veritate

43 3259 91 3309 ubi
105 3259 166 3330 quid
176 3261 291 3328 accidit,
308 3261 395 3313 solent
410 3279 486 3312 aures
501 3279 544 3310 ar·
588 3261 724 3316 discedere
735 3300 743 3327 ,
755 3258 937 3330 Hispaniensis
948 3254 1086 3326 Carthagi-

44 3339 543 3412 rigere-Terentius,And.«Arrige
587 3344 628 3392 nis
647 3354 755 3412 portum
775 3349 885 3409 putatur
904 3335 1083 3404 descripsisse.

45 3437 139 3486 aures,
151 3421 321 3493 Pamphiles
588 3421 717 3473 Gaeterum
727 3419 798 3470 hunc
815 3416 904 3466 locum
915 3431 1045 3484 nusquam
1058 3417 1086 3466 in

83 3499 140 3568 ¹⁵7·
155 3502 279 3552 Proxima
296 3500 380 3552 litora.
398 3501 468 3567 Quia
483 3511 545 3571 post
589 3501 680 3551 Africa
701 3515 757 3549 esso
778 3506 902 3560 constat,
922 3512 972 3544 nee
994 3495 1086 3546 incon·

41 3580 193 3650 pericnlum
204 3600 260 3632 non
272 3580 379 3650 eligitur
389 3578 468 3641 litus3
481 3577 546 3644 sed,
590 3598 655 3650 grue
673 3587 784 3648 propter
805 3574 919 3624 nominis
938 3573 1086 3626 similitudi-

42 3659 226 3730 quodcunque
244 3658 408 3723 occurrerit,
427 3674 546 3726 occupa·
590 3677 650 3710 nem
661 3658 751 3728 posuit
762 3675 767 3704 t
779 3673 840 3706 nam
849 3653 1087 3724 Topographiaest

44 3751 99 3790 tur.
114 3740 181 3790 Serv.
592 3740 631 3789 rei
642 3755 708 3789 verae
719 3735 869 3806 descriptio.
880 3735 948 3786 Serv.
957 3733 1037 3785 -De
1048 3747 1087 3786 to-

82 3816 143 3885 159.
153 3819 200 3869 Est
213 3818 240 3868 in
251 3836 344 3870 secessu
357 3814 444 3887 lonqo.
457 3814 547 3882 Topo-
592 3830 620 3867 to
631 3817 684 3867 hoc
700 3814 761 3865 loeo
776 3813 837 3880 vide
853 3812 1014 3864 luculentam
1032 3813 1087 3866 dis·

41 3897 136 3950 thesin
145 3909 201 3962 est,
210 3895 237 3947 id
246 3909 302 3962 est,
314 3895 391 3947 fictus
401 3891 548 3944 secundum
593 3897 778 3966 quisirionam,
791 3896 818 3944 in
829 3893 946 3944 Excursn
957 3892 1009 3956 vt,
1021 3905 1085 3944 tom.

39 3977 183 4046 poeticam
194 3973 330 4029 licentiam
344 3973 429 4026 locus.
447 3972 487 4024 ue
503 3987 557 4025 au·.
591 3979 631 4043 11,
645 3988 711 4028 nost.
725 3972 794 4025 Edit.
805 3992 865 4044 pag.
881 3982 966 4042 17921
978 3987 1051 4042 seqq.
