2646 4606
305 341 357 405 rr
380 339 618 408 aasrnos
642 343 734 408 nra.
758 345 822 409 vr.
1023 347 1086 436 a„

45 461 110 524 haec
123 463 218 528 arhor
232 482 318 522 saera
330 485 337 520 :
351 461 421 523 ideo
436 483 516 524 σανα»
529 484 590 524 oon
602 467 664 546 ipsa
676 467 708 524 in
716 479 808 528 morte
819 465 1001 551 relinquunt,
1012 489 1087 529 narn

44 548 102 612 hoc
113 551 227 612 vitium
239 551 439 632 pertinaciter
449 549 560 625 haeret3
575 565 607 612 et
621 550 751 616 difficile
764 572 974 637 expugnatum
990 579 1024 618 ac
1034 559 1089 618 vix

44 640 193 699 vincitur:
208 653 254 700 est
264 639 349 699 enim
361 640 596 720 potentissimus
608 643 787 702 animorum
799 659 957 724 tyrannus.
970 649 1090 707 Verum

46 740 104 801 est,
117 725 203 788 istud
216 726 326 788 rn‘erri
338 727 377 788 ad
387 727 477 788 aliud
492 749 595 810 posse3
609 729 776 792 credebant
785 735 871 794 enim
877 736 1089 797 veteresidem

46 814 181 878 studium
193 828 335 878 mortuos
350 818 509 893 comitari,
521 817 607 899 quod
622 819 701 878 vivis
713 819 829 882 fuisset.

80 931 149 1010 445.
164 938 278 998 Narrat
292 959 367 1022 quas
382 939 427 998 ihi
441 937 584 1000 foeminas
598 942 708 1001 AEneas
722 941 855 1002 viderit:
874 944 1026 1022 attingam
1038 943 1091 1008 hic

46 1011 169 1084 illarum
178 1023 316 1084 fabulas.
339 1025 470 1087 Phaedra
482 1028 604 1110 perdite
620 1031 737 1089 amavit
747 1032 929 1112 privignum
941 1031 1094 1114 Hippoly-

45 1121 109 1172 tum
120 1135 128 1172 t
141 1133 190 1174 res
202 1117 275 1174 satis
285 1113 364 1176 'nota
374 1119 522 1199 Tragicis.
533 1120 655 1179 Procris
668 1118 733 1178 filia
748 1119 811 1179 fuit
822 1119 992 1180 Pandionis
1004 1143 1010 1179 :
1025 1119 1092 1182 haec

46 1199 172 1285 conjugi
187 1203 329 1286 Cephalo
346 1204 441 1266 fidem
456 1207 693 1289 quodammodo
710 1207 816 1288 fregit3
836 1229 909 1267 nam
922 1207 977 1268 hic
993 1223 1093 1270 tectus

46 1290 144 1352 aliena
153 1292 270 1370 forma,
281 1296 437 1355 Procridis
447 1296 636 1379 pudicitiam
646 1290 825 1374 attentavit,
838 1319 1012 1378 parumque
1022 1319 1095 1358 con·

46 1391 181 1442 stantem
197 1385 322 1464 reperit.
334 1387 420 1466 Lege
432 1385 608 1466 Hyginum,
621 1408 688 1468 cap.
706 1389 778 1467 189:
796 1385 942 1468 Apollod.
958 1387 1013 1446 lib.
1029 1385 1091 1444 lll:

47 1469 211 1548 Ovidium,
226 1475 283 1533 Vll
296 1475 424 1534 Metam.
441 1474 604 1556 Eriphyles
616 1475 726 1535 fabula
738 1476 860 1536 diverse
874 1499 892 1535 a
905 1476 1012 1536 inultis
1026 1497 1097 1536 nar-

46 1571 146 1619 ratur:
167 1561 237 1643 lege
249 1564 414 1644 Hyginum
435 1583 502 1644 cap.
526 1565 582 1645 73:
603 1585 662 1644 ego
680 1563 733 1624 hic
752 1563 952 1624 Eustathium
967 1585 1095 1646 sequar3

46 1646 104 1708 fuit
121 1648 188 1711 haec
206 1652 293 1711 Talai
311 1651 393 1728 filia,
411 1653 516 1712 fratris
536 1652 678 1713 Adrasti:
698 1653 787 1714 duxit
806 1653 894 1713 illam
913 1657 946 1714 in
966 1673 1095 1713 uxorem

47 1736 265 1819 Amphiaraus3
285 1761 447 1822 quumque
459 1739 647 1801 dissiderent
662 1741 810 1802 Adrastus
826 1757 856 1803 et
870 1741 1096 1824 Amphiara‘uS,

48 1829 194 1888 convenit
205 1829 287 1888 inter
298 1827 392 1904 illos,
405 1841 440 1888 ut
456 1830 489 1888 in
505 1829 597 1890 rebus
613 1829 717 1890 dubiis
728 1829 849 1912 judicio
864 1831 1029 1914 Eriphylcs
1045 1851 1097 1888 ac·

48 1917 239 1992 quiescerent
250 1937 256 1974 :
268 1937 463 2000 ergo,quutn
471 1916 619 1977 Adrastus
626 1917 1028 2000 expeditioneminThehas
1037 1939 1096 2002 pro

49 2002 195 2086 Polynice
205 2013 344 2088 pararet,
362 2007 587 2090 dissideretque
597 2006 820 2088 Amphiaraus,
836 2023 872 2067 ut
883 2009 937 2088 qui
948 2007 1048 2067 nollet
1060 2027 1097 2066 eo

51 2091 492 2178 ire,Eriphylejudicavitpro
501 2095 647 2170 Adrasto,
656 2098 713 2176 qui
722 2091 979 2176 corruperateam
987 2093 1100 2153 monili

51 2202 151 2245 aureo.
163 2183 382 2266 Amphiaraus,
391 2185 498 2245 abiens
510 2183 549 2243 ad
559 2184 690 2260 bellurn,
700 2184 830 2243 mandat
839 2183 907 2242 filio
918 2185 1100 2256 Alcmaeoni,

50 2286 201 2356 utquam
220 2273 342 2334 audiret
360 2295 393 2334 se
414 2275 632 2350 interfectum,
653 2276 722 2355 ipse
742 2288 874 2333 matrem
891 2273 1097 2332 interficeret:

49 2358 121 2422 fecit
134 2363 195 2422 hoc
206 2359 385 2421 Alcmaeon:
405 2381 495 2442 ergo,
514 2365 559 2422 ait
572 2377 682 2444 poeta,
703 2375 815 2422 moesta
830 2359 979 2444 Eriphyle
992 2381 1098 2420 mons·

50 2453 150 2512 trabat
167 2450 299 2511 vulnera
317 2463 441 2534 accepta
460 2450 500 2511 ab
519 2467 594 2512 nato
615 2451 800 2514 Alcmaeone.
820 2451 919 2510 Erant
939 2453 1033 2510 etiam
1053 2449 1098 2508 ibi

50 2534 189 2616 Euadne,
202 2538 370 2622 Pasiphae,
384 2539 571 2617 Laodamia,
584 2541 723 2601 Caeneus.
733 2540 866 2600 ‘Euadne
880 2539 941 2598 fuit
952 2560 1032 2598 uxor
1043 2539 1099 2598 Ca·

49 2631 157 2705 panei,
171 2650 238 2710 quae
252 2631 354 2690 virum
368 2631 411 2689 ita
427 2629 575 2712 deperiit,
587 2644 622 2690 ut
634 2630 700 2710 ejus
715 2629 754 2689 ad
769 2629 891 2688 Thebas
902 2641 1004 2687 morte
1017 2647 1099 2685 nun·

49 2717 138 2793 tiata,
161 2738 191 2777 se
210 2719 244 2779 in
263 2719 409 2780 eumdem
423 2741 537 2799 rogum
553 2717 737 2800 conjecerit3
755 2717 807 2777 adi
824 2717 1051 2776 Philostratum
1067 2716 1099 2773 in

48 2804 204 2883 Heroicis,
214 2805 267 2867 ubi
278 2809 311 2867 in
318 2807 369 2867 his
380 2829 507 2890 quoque
516 2807 592 2868 locis
602 2805 949 2881 constituitEvadnem,
960 2819 991 2866 et
1000 2804 1099 2863 Alces-

48 2893 161 2970 tidem,
173 2896 349 2978 probosque
362 2897 449 2956 alias.
465 2896 619 2978 Pasiphae
632 2917 705 2956 curn
720 2897 901 2956 Minotauro
916 2891 1099 2965 concubuit,

49 2983 188 3063 neglecta
201 2987 261 3045 viri
274 2985 391 3046 Minois
406 2985 480 3046 fide.
494 2986 666 3046 Laodamia
678 2987 722 3045 ita
737 2983 944 3044 Protesilaum
957 2979 1100 3040 interfec-

51 3083 117 3133 tum
130 3075 171 3134 ad
182 3075 310 3155 ‘frojam
323 3077 456 3152 amavit,
475 3089 511 3136 ut
521 3079 603 3136 inter
614 3076 797 3158 complexus
807 3074 942 3147 umbrae,
960 3092 1055 3152 qnam
1067 3090 1100 3154 se

51 3167 154 3223 mariti
165 3167 289 3246 putavit
302 3165 424 3240 videre,
445 3167 557 3226 misere
572 3168 711 3248 perierit.
731 3167 811 3245 Lege
825 3165 987 3246 Hyginum
1000 3181 1027 3219 c.
1044 3159 1098 3218 103

51 3261 79 3308 ct
94 3251 164 3328 104,
183 3265 213 3312 et
228 3255 387 3316 Catullum
404 3253 481 3336 eleg.
499 3253 538 3314 ad
551 3253 708 3315 Mallium.
728 3253 802 3313 Fuit
816 3251 913 3312 altera
926 3248 1098 3309 Laodamia

49 3333 113 3398 {ilia
123 3339 391 3424 Bellerophontis,
401 3361 438 3402 ex
447 3361 510 3425 qua
519 3345 667 3424 luppiter
677 3343 752 3402 tulit
761 3339 973 3422 Sarpedonem
984 3341 1098 3418 Regem

50 3423 233 3506 Lyciorum,
254 3434 308 3513 qui
324 3428 467 3492 interfuit
478 3431 618 3512 Trojano
628 3429 733 3491 hello:
755 3428 807 3490 sed
822 3430 861 3488 de
875 3429 981 3510 priore
994 3426 1101 3506 Virgi-

50 3509 128 3576 lium
142 3521 230 3600 capit
240 3521 371 3582 Servius.
384 3521 488 3584 Restat
498 3524 627 3582 Caeneus
640 3545 646 3580 :
659 3520 721 3580 fuit
732 3518 983 3602 primnmCaenis
993 3517 1098 3597 virgo,

52 3624 223 3690 compressa
236 3595 431 3694 a'Neptunoz
447 3614 562 3672 meruit
576 3633 634 3694 pro
647 3623 755 3692 stupro
771 3629 860 3668 sexus
873 3608 1097 3681 mutationem,

52 3706 82 3752 et
95 3695 195 3758 factus
216 3712 260 3758 est
275 3699 423 3758 Canens:
444 3703 568 3760 morin
586 3701 752 3760 foeminam
768 3697 879 3770 rediit,
900 3710 932 3755 et
949 3695 1033 3755 facta
1054 3707 1098 3754 est

54 3781 168 3846 Canis:
189 3807 264 3868 ergo
278 3779 443 3869 aitpoeta,
465 3809 534 3870 quae
549 3789 710 3870 quondam
722 3786 785 3846 fuit
795 3783 933 3866 juvenis,
953 3805 1038 3843 nunc
1053 3795 1100 3842 est

53 3869 196 3951 famina,
208 3880 286 3959 quia
302 3877 445 3938 revoluta
463 3877 495 3938 iu
507 3893 643 3942 veterem
657 3878 808 3959 figuram:
828 3877 980 3958 supponit
991 3875 1098 3955 itaque

55 3965 139 4039 prius
159 3965 255 4026 fnisse
273 3967 448 4030 foeminam.
468 3969 522 4030 Est
539 3967 579 4029 de
598 3970 711 4030 Gaeneo
729 3969 816 4028 locus
833 3967 916 4048 apud
935 3965 1097 4024 Platonem

56 4047 106 4112 lib.
118 4057 190 4132 ΧΗ,
206 4057 279 4139 Leg.
294 4061 365 4122 Non
379 4060 472 4142 potui
485 4058 542 4120 has
555 4058 681 4120 fabulas
693 4056 879 4120 contrahere
892 4057 927 4115 in
938 4053 1097 4114 breviores
