2692 4594
205 257 270 336 214
536 239 919 315 contuentium

200 395 312 438 nocere
321 381 476 456 poterant,
486 391 583 452 quum
594 371 687 451 longe
698 385 813 432 essent:
829 383 920 432 vocat
928 371 1056 432 AEmoeos
1057 372 1168 456 fintres
1177 373 1251 454 quin

199 465 270 530 coelo
288 467 386 546 capita
403 461 464 524 atta
474 463 619 545 femitas:
635 461 686 521 sed
706 460 1035 536 constristentur
1052 483 1157 539 casus,
1174 485 1250 546 pro,

199 556 365 629 incaelum,
381 567 416 614 ut
428 552 495 613 vult
508 550 649 612 Servius?
663 553 711 612 An
724 571 799 612 vero
813 550 933 613 sextus?
946 567 979 612 ut
993 552 1096 628 dicat,
1109 553 1188 614 ferri
1199 577 1248 616 ca-

199 645 266 726 pita
281 644 314 702 in
328 643 396 724 ipso
408 639 502 715 caelo,
514 651 651 721 utsupra
661 637 758 714 dixit,
773 639 888 722 pulsari
903 639 1000 699 sidera
1013 661 1031 698 a
1043 639 1193 722 Cyclope.
1204 641 1251 702 Se·

201 734 308 814 quitur
321 731 531 812 comparatio,
545 749 640 810 quam
652 727 798 809 expendit
811 730 932 790 Serviat
946 751 953 788 τ
967 749 1041 788 nam
1053 731 1129 811 quia
1142 749 1252 812 praece·

200 817 1252 904 duntquemus,quaeJovisacrae,etcyparissi,quaeDianaeinfernae;
1323 841 1324 852 ²

200 912 234 973 id
258 924 316 988 ast,
335 910 547 991 Proserpinae:
568 907 639 968 ideo
662 909 818 990 sequitur,
837 907 920 989 sylva
938 906 1001 970 alta
1021 909 1117 985 Jove,
1138 907 1252 970 lucume

199 1005 316 1064 Dianoe.
330 1005 385 1063 Est
404 1001 509 1080 itaque
533 999 653 1079 integra
672 1000 845 1059 sententia:
867 999 942 1060 tales
963 997 1009 1058 illi
1031 999 1252 1076 constiterant,

200 1092 306 1172 quales
326 1091 500 1152 consistunt
513 1107 644 1170 quercus
662 1089 695 1146 in
711 1087 797 1170 sylva
814 1090 915 1164 Jovis3
931 1087 1035 1169 quales
1050 1089 1203 1172 cyparissi
1217 1089 1250 1148 in

198 1177 270 1238 luco
282 1179 390 1238 Dianae
402 1199 409 1236 :
422 1175 473 1236 scd
488 1197 546 1257 pro
558 1189 642 1236 sexto
655 1176 727 1234 casu
740 1175 858 1258 placuit
869 1189 969 1259 poetae
982 1175 1070 1258 loqui
1082 1197 1138 1256 per
1151 1196 1249 1256 appo·

200 1267 355 1340 titionem,
368 1277 403 1324 ut
414 1263 535 1336 dicunt,
545 1261 604 1324 bac
615 1263 751 1322 ratione:
763 1263 868 1344 quales
879 1283 1019 1346 quercus,
1032 1283 1101 1345 quae
1111 1264 1200 1348 sylva
1209 1275 1252 1326 est

200 1356 305 1415 Jovis:
321 1353 428 1436 quales
442 1353 604 1436 cyparissi,
618 1354 672 1434 qui
684 1351 772 1414 lucus
785 1353 907 1414 Diante.

238 1444 308 1504 682.
322 1443 409 1502 Metu
428 1454 585 1522 coguntur
602 1461 831 1523 quamcumque
845 1442 879 1502 in
896 1452 1016 1523 partem
1036 1437 1126 1500 nulla
1139 1437 1253 1500 delibe·
1325 1463 1326 1504 ξ

199 1533 321 1593 ratione
341 1551 464 1592 cursum
483 1530 626 1612 dirigere.
643 1531 700 1591 Sed
721 1533 774 1612 qui
790 1544 866 1592 tunc
889 1531 972 1591 renti
988 1543 1088 1591 essent
1108 1527 1253 1592 secundi?

200 1642 273 1682 sane
284 1633 383 1680 metus
393 1621 535 1680 instantis
548 1621 676 1701 periculi
688 1641 705 1680 a
715 1619 921 1702 Cyclopibus,
933 1620 976 1680 ita
985 1631 1192 1706 eratmagnus
1201 1664 1210 1696 ,
1219 1630 1253 1678 ut

201 1713 303 1770 omnis
318 1720 426 1768 ventus
440 1706 501 1766 illis
515 1707 667 1768 secundus
678 1706 846 1767 videretur.

240 1793 310 1869 684.
327 1791 444 1854 Pendet
462 1795 614 1853 sententia
628 1815 664 1854 ex
683 1795 912 1878 superioribus:
929 1801 1031 1854 metus
1045 1789 1179 1874 cogebat
1197 1811 1252 1852 nos

205 1885 290 1964 sequi
306 1895 435 1943 ventum
449 1903 696 1965 quemcumque5
710 1883 763 1943 sed
777 1883 943 1944 obstabant
954 1880 1039 1964 jussa
1053 1881 1183 1955 Heleni,
1199 1883 1251 1962 qui

202 1983 404 2052 preceperat,
423 1989 463 2029 ne
480 1971 653 2051 cuicunque
666 1979 760 2030 vento
773 1969 983 2044 crederemus;
1003 1989 1043 2028 ne
1057 1967 1174 2030 seilicet
1188 1967 1252 2028 adi·

202 2077 345 2139 gerentur
362 2058 444 2118 inter
456 2055 589 2138 Scyllam
608 2072 638 2117 et
651 2055 848 2141 Charybdin.
868 2060 937 2118 Hoc
956 2054 1081 2132 habito,
1101 2057 1252 2116 sententia

203 2148 299 2206 trium
308 2163 453 2204 versuum
463 2141 529 2203 brec
541 2158 602 2204 est:
615 2139 726 2204 contra
736 2157 855 2206 certum
865 2157 910 2204 est
919 2141 1013 2204 nobis
1021 2143 1096 2204 dare
1105 2144 1202 2204 lintea
1213 2163 1252 2203 re

203 2243 268 2304 tro,
289 2231 362 2312 quia
378 2229 462 2310 jussa
476 2229 587 2293 Heleni
602 2243 751 2305 monent,
771 2251 811 2291 ne
824 2231 893 2291 vela
904 2242 1031 2292 teneant
1048 2249 1154 2291 cursus
1173 2234 1251 2290 inter

203 2315 1252 2402 utramqueviam‚videlicetinterScyllam,atqueCharybdin,porvo

204 2406 283 2472 lethi
296 2406 490 2479 discrimine,
502 2405 535 2463 id
548 2419 609 2482 est,
623 2407 678 2467 ubi
692 2427 824 2487 parvum
837 2410 947 2470 mortis
958 2406 1137 2470 discrimen.
1148 2409 1251 2490 Aliqui

202 2514 312 2555 vocem
322 2511 421 2554 eunus
438 2506 562 2572 ponunt
576 2497 610 2552 in
627 2506 710 2554 recto
723 2495 936 2556 multitudinis
954 2494 1013 2556 hac
1028 2498 1197 2573 sententia,
1217 2509 1251 2555 ut

206 2601 313 2642 cursus
326 2590 453 2639 teneant
463 2579 561 2655 viam3
575 2580 660 2661 quod
672 2580 824 2663 frigidum
834 2596 912 2664 puto
924 2601 932 2642 t
944 2582 1105 2663 namquid
1115 2595 1174 2660 est,
1184 2603 1251 2643 cur·
1328 2571 1329 2596 ³

206 2693 258 2732 sus
270 2683 376 2732 tenent
388 2668 490 2728 viam?
502 2670 586 2751 Ergo
605 2672 639 2730 in
657 2685 770 2752 quarto
788 2691 883 2732 casu:
901 2685 1120 2754 praecesserunt
1136 2674 1252 2754 quippe
1328 2675 1329 2700 ³

205 2758 279 2821 nelo.
291 2762 390 2840 Ergo,
406 2758 473 2818 vela
486 2777 522 2818 er
533 2773 619 2820 metu
631 2781 820 2842 quocunque
835 2759 1001 2835 dabamus3
1017 2759 1068 2820 sed
1086 2761 1251 2822 consilium
1328 2749 1329 2766 ¹

125 2881 129 2890 .
205 2851 282 2926 fuit,
296 2849 350 2912 illa
365 2861 446 2910 retro
460 2849 589 2927 referre,
602 2851 703 2912 ncilla
713 2871 749 2912 ex
759 2852 882 2914 monitu
895 2849 1006 2913 Heleni
1017 2865 1157 2912 tenerent
1170 2853 1252 2911 viam

206 2941 287 3000 inter
298 2940 428 3022 Scyllam
443 2952 472 2998 et
479 2937 659 3022 Charybdin
671 2964 678 3000 :
692 2942 758 3002 baec
770 2943 813 3002 ita
827 2926 1075 3026 explicatissime,
1084 2943 1160 3022 quia
1172 2944 1197 3002 is
1207 2939 1252 3001 lo·

207 3051 262 3092 cus
275 3031 357 3090 visus
370 3029 478 3091 multis
490 3049 553 3088 esse
565 3029 714 3090 dillicilis.

244 3122 314 3202 6⁸7.
327 3120 426 3180 Erant
436 3110 563 3200 Trojani
573 3120 606 3201 in
619 3140 656 3180 eo
671 3121 850 3182 animorum
859 3131 950 3196 natu,
961 3141 1060 3202 quum
1072 3121 1179 3181 subito
1188 3120 1251 3182 Diis

205 3208 384 3273 volentibus
393 3211 503 3272 boreas
513 3208 630 3273 afflavit
639 3232 656 3270 a
665 3211 746 3274 freto
760 3211 816 3274 illo
828 3226 961 3292 angusto
975 3211 1088 3285 Pelori,
1099 3211 1156 3274 ubi
1165 3223 1252 3272 erant

206 3301 322 3383 Scylla,
334 3312 364 3362 et
377 3297 565 3384 Charybdis,
583 3301 638 3382 qui
650 3300 778 3362 classem
791 3301 865 3362 inde
876 3301 1009 3383 expulit,
1027 3299 1252 3381 collocavitque

206 3389 239 3448 in
250 3401 337 3470 parte
350 3389 444 3449 maris
455 3399 535 3462 tuta,
548 3407 585 3447 ex
598 3400 674 3448 voto
687 3403 805 3450 nostro.
820 3389 892 3466 Quo
902 3401 996 3449 rento
1012 3386 1140 3448 afflante
1153 3401 1251 3447 trans·

239 3559 704 3634 678.AEtnoeosfrntres.hataimiles,
790 3565 850 3618 680.
879 3564 1014 3636 coniferoe.
1041 3561 1146 3616 Gonum
1174 3562 1250 3614 tusti-

206 3652 253 3692 aut
270 3639 376 3692 feritate
392 3659 545 3711 germanos,
568 3657 614 3698 eut
632 3647 704 3715 ejus·
747 3657 857 3710 nentes,
879 3657 905 3698 et
927 3647 1011 3697 conus
1030 3643 1129 3696 dicitur·
1149 3644 1252 3694 humus

205 3719 267 3772 dem
282 3720 393 3789 patriae,
411 3721 453 3774 vel
469 3734 560 3789 terrae,
576 3737 704 3797 tanquam
749 3725 882 3797 cupressi,
893 3718 1113 3795 etipsamsnlle
1123 3735 1179 3775 est:
1191 3739 1251 3775 nant

205 3799 313 3851 matris:
330 3815 393 3848 nant
408 3818 464 3852 non
478 3815 539 3853 sunt
550 3803 705 3878 Polyphemi
749 3821 767 3856 a
781 3803 946 3856 rotunditate
963 3805 991 3854 in
1010 3821 1122 3855 acumen
1139 3802 1250 3856 levatur.

205 3881 315 3943 iratres,
332 3895 412 3947 quem
422 3880 540 3950 Neptuni
552 3883 635 3938 fllium
647 3887 705 3937 Hc·
748 3885 774 3937 S.
790 3913 824 3923 —-
835 3883 914 3935 Ovid.
931 3883 1039 3936 Metam.
1052 3883 1090 3948 X,
1111 3883 1176 3950 106,
1192 3883 1229 3934 ait
1242 3901 1249 3930 ε

205 3975 294 4012 merua
307 3955 380 4010 dicit·
751 3977 856 4016 tinetas
870 3965 972 4016 imitata
987 3981 1138 4035 cupressus.
1150 3985 1162 4010 n
