2670 4596
221 288 242 350 6
548 281 930 346 COMMENTARIA

220 423 316 488 quam
333 407 451 486 optime
464 401 543 462 illud
559 401 645 485 sylvis
656 405 768 463 vicino!
785 403 932 483 exprimit
944 398 1080 462 affinitas
1092 423 1207 466 vocum
1220 406 1264 464 af-

122 561 124 569 *
220 496 374 556 finitatem
384 495 539 575 sylvarum
551 506 749 574 etpostorum
759 509 831 552 cum
842 493 924 572 agris
934 503 964 552 ot
974 493 1118 573 agricolis
1128 515 1135 552 ι
1146 491 1263 554 deinde

221 585 297 668 quid
317 583 459 644 conferas
475 599 544 642 cnm
566 581 660 641 verbo
679 583 781 665 coeni?
802 583 918 641 etenim
935 579 1027 641 tellus
1048 583 1145 642 voluti
1163 586 1262 644 invita

220 672 303 754 leges
315 675 443 754 accipit,
458 674 581 746 teritur,
593 669 754 747 domatur,
768 673 940 748 sanciatur,
953 673 1070 751 patitur
1081 692 1222 733 vomeres
1235 687 1264 733 et

215 775 351 824 rastros:
367 763 438 822 inde
450 763 551 822 statim
563 783 634 821 arna
646 775 794 842 parerent;
808 783 882 820 nam
892 761 1029 843 agricola
1041 763 1161 844 imperat
1176 767 1262 824 arvis.

220 850 279 912 Sed
292 873 387 934 qnare
401 865 516 934 oratum
534 873 604 933 opus
617 847 772 932 ayricolis?
791 847 867 926 hoc,
886 870 935 910 me
949 864 1082 926 tacente,
1100 853 1161 912 scis
1177 853 1261 933 ipse:

221 940 342 998 nemini
359 959 434 998 suus
448 953 614 1019 proventus
626 941 744 1018 gratior
756 951 817 1012 est,
835 959 930 1020 quam
943 938 1100 1018 agricolao,
1123 960 1187 999 non
1204 941 1263 998 mi-

220 1029 285 1101 liti,
297 1051 359 1090 non
369 1031 531 1088 mercatori
543 1052 550 1088 ι
561 1051 634 1088 nam
643 1027 731 1090 lucro
740 1050 796 1088 suo
804 1028 1121 1110 impensodelectotur
1131 1052 1138 1089 :
1149 1029 1262 1092 deindo

221 1118 417 1198 simplicitas,
429 1139 491 1199 quo
504 1117 626 1178 lucrum
641 1120 803 1199 quaeritur,
816 1118 966 1198 goudium
979 1117 1128 1179 cumulat.

220 1286 277 1326 tum
289 1275 422 1326 socundus
438 1289 529 1328 versus
542 1274 623 1326 distat
639 1293 653 1326 o
667 1276 721 1344 pri-
766 1275 838 1328 silvis
857 1278 927 1328 enim
945 1276 1125 1347 poscebantur
1144 1292 1262 1346 pecora,

219 1370 279 1416 mo,
293 1365 403 1422 quartus
414 1371 430 1404 o
439 1352 565 1407 secundo.
576 1353 684 1404 Taobm.
764 1368 795 1406 nt
806 1374 837 1408 ex
845 1356 927 1408 Turn.
939 1357 966 1421 1,
980 1357 1011 1421 5,
1024 1354 1052 1408 id
1063 1367 1155 1408 notum
1166 1367 1208 1408 est
1219 1373 1262 1408 sa-

255 1433 284 1482 Β.
302 1433 394 1485 Vicina
403 1433 482 1505 coeqi.
493 1433 641 1504 Plemqne,
654 1451 719 1504 qnos
764 1437 807 1486 tis.
820 1436 907 1486 Emm.

221 1509 291 1577 vidi,
303 1511 433 1564 editiones
443 1524 504 1582 port
516 1513 600 1585 coeqi,
613 1512 720 1566 distinc·
798 1513 827 1566 G.
836 1514 960 1584 Quamvis
969 1512 1053 1566 avido.
1062 1514 1113 1562 Pro
1123 1522 1262 1584 quantum·

221 1593 322 1654 tionem
331 1590 447 1652 hobont3
458 1590 505 1647 secl
516 1592 597 1644 Hrnr.
607 1592 719 1664 Stepho·
764 1593 808 1646 nis.
824 1619 859 1632 —-
875 1593 968 1646 Anido.
987 1591 1142 1646 Aristotcles
1159 1591 1259 1642 Politic.

221 1687 272 1720 nus
280 1668 380 1720 nullam
388 1669 432 1721 hic
442 1671 663 1742 interpunctionis
673 1691 719 1724 no·
763 1675 814 1740 VI,
828 1673 860 1738 43
873 1673 985 1744 loquens
998 1673 1031 1724 de
1044 1672 1184 1744 agricolis,
1194 1673 1260 1736 pit-

222 1759 277 1798 tam
290 1746 433 1800 desiderari
442 1751 470 1800 in
477 1748 588 1802 Scholiis
596 1751 720 1822 Virgilia-
763 1769 799 1806 λον
812 1750 928 1821 ὀρέγονται
941 1754 982 1806 roi
994 1749 1083 1822 tiphos
1095 1751 1109 1804 t
1123 1754 1164 1808 ric
1179 1753 1260 1816 son:

222 1827 264 1878 nis
289 1838 391 1888 monet;
416 1827 600 1900 conjungenda
619 1831 718 1900 quippe
764 1833 865 1884 lucrum
879 1834 966 1904 potius
980 1852 1059 1904 quom
1077 1832 1199 1882 honorem
1216 1850 1262 1901 ap·

224 1924 280 1958 esse
292 1925 355 1957 arva
369 1907 461 1958 vicina.
479 1907 559 1976 Quod
577 1910 719 1980 agricultu·
761 1913 1037 1983 petunt—Pomerit.
1048 1913 1087 1963 Ita
1097 1911 1212 1975 Plinius,
1223 1911 1260 1965 11,

224 2003 280 2036 ram
293 1989 444 2041 tractaverit
455 2001 516 2058 post
527 1987 667 2054 Bucolica,
682 2007 721 2042 as·
764 1993 812 2056 63,
825 2003 924 2044 terram
936 2003 1016 2044 vocat
1025 1989 1167 2054 armillam,
1183 1989 1261 2060 orfa-

224 2067 720 2142 serituriisverbis309raen1osilvis:in
760 2070 874 2128 ,mulam
908 2111 910 2116 .
