2692 4594
253 245 317 348 2'08
584 277 965 343 COMMENTARIA

251 422 325 462 vero
345 402 482 482 primum
500 400 616 473 Eoum,
637 397 790 480 quiajam
807 399 926 458 abierat
941 396 1068 474 umbra3
1088 398 1157 462 haec
1178 402 1296 465 humens

252 491 367 550 dicitur
381 488 420 548 ab
432 500 538 563 nocte,
551 509 619 568 quae
631 490 726 548 etiam
739 486 879 547 humida.

293 579 359 658 590.
375 579 462 637 Varii
474 597 560 638 casus
573 577 678 658 poesin
692 576 922 651 discriminant,
934 577 1007 638 inde
1019 577 1071 640 hic
1083 601 1154 662 quae
1167 603 1297 662 sequuti*

252 679 304 724 tur
313 667 351 726 de
361 663 595 728 Achaemenide:
609 663 749 746 procedit,
763 665 882 744 inquit,
893 664 986 726 subito
997 687 1014 724 e
1026 663 1104 750 silvis
1116 671 1296 750 noveforma

252 755 345 834 ipnoti
358 755 428 826 viri,-
439 755 528 833 quasi
538 751 605 833 jam
618 753 657 811 ab
669 751 797 812 homine
808 750 999 814 deformatus
1012 754 1160 814 inferam
1172 760 1297 816 transie-

250 841 301 900 rit.
315 841 377 900 Cur
389 859 461 900 vero
472 839 676 922 novaforma?
687 841 761 920 quia
771 841 902 922 confecta
913 843 1005 900 macie
1013 863 1162 923 suprema,
1179 858 1211 903 et
1222 842 1296 904 cuitu

231 949 233 956 ¹
251 927 433 987 miseranda:
450 939 485 988 ut
501 947 573 986 vero
590 925 875 1008 procedit,'stetim
893 926 1014 1009 supplet
1033 928 1124 990 tendit
1139 951 1248 991 manus
1263 929 1298 988 ad

252 1013 350 1088 litora,
363 1015 420 1075 ubi
432 1037 500 1076 nos.
1338 1025 1339 1032 ἶ

291 1104 357 1186 593.
376 1106 513 1168 Adnecte
529 1103 596 1166 haee
613 1127 685 1164 cum
696 1107 926 1186 superioribus,
945 1119 976 1166 et
987 1107 1125 1183 videbis,
1145 1108 1230 1168 nihil
1241 1109 1298 1168 dici

250 1191 424 1254 absolutius
439 1215 531 1277 posse
549 1192 587 1253 ad
605 1192 843 1275 exprimendum
860 1192 1004 1252 habitum
1021 1192 1161 1254 hominis
1176 1198 1300 1277 paedore

251 1282 358 1358 obsiti,
378 1285 522 1366 squalore
535 1281 684 1358 confecti,
698 1295 728 1342 et
740 1280 842 1342 fornia
855 1284 987 1342 omnino
1001 1280 1189 1343 deformata.
1212 1285 1299 1344 Vides

249 1391 365 1430 novam
377 1372 526 1446 formam,
540 1384 570 1430 et
581 1369 664 1430 hane
677 1391 765 1452 paene
780 1372 814 1430 in
828 1372 898 1430 vitre
912 1372 1011 1446 exitu3
1024 1391 1098 1429 nam
1111 1373 1247 1454 confictu
1257 1394 1300 1431 su-

248 1481 349 1541 prema
358 1465 467 1522 macies
480 1460 541 1520 huc
552 1461 671 1520 aceedit
683 1457 810 1533 illuvies,
820 1479 890 1541 quae
900 1459 980 1533 dira,
991 1475 1020 1520 et
1030 1458 1163 1520 horrida
1176 1483 1184 1518 :
1199 1461 1296 1534 barba,

250 1569 320 1629 quae
330 1552 470 1630 promissa
482 1547 666 1629 prolixaque
680 1547 855 1628 lugentium
869 1569 971 1622 more,
988 1550 1097 1629 utique
1108 1551 1234 1610 videres
1247 1549 1297 1608 bo·
1338 1551 1339 1604 l

250 1638 370 1695 minem
382 1641 591 1715 ἑπιὸαλλόμενον,
605 1643 649 1698 καὶ
660 1641 805 1716 καθειμένον
816 1639 861 1696 τὸν
872 1643 1001 1714 edwio:
1018 1651 1132 1718 teqmen
1144 1658 1219 1698 vero
1234 1659 1297 1697 ves·
1338 1653 1339 1688 l

250 1725 478 1802 timentumque
491 1723 634 1804 corporis
648 1736 810 1782 consertum
822 1725 1108 1804 concinnatumque
1121 1745 1138 1782 e
1149 1727 1255 1805 spinis,
1267 1737 1299 1782 ut

251 1810 352 1870 solent
364 1811 411 1870 illi
424 1832 501 1886 esse,
513 1814 568 1894 qui
579 1811 681 1872 ferino
694 1832 782 1871 more
795 1814 827 1872 iu
840 1815 921 1893 agris
933 1813 1061 1872 vivunt:
1075 1826 1179 1873 caetera
1192 1815 1218 1872 si
1230 1834 1299 1872 con·

222 1927 229 1946 κ
251 1897 418 1976 siderares,
430 1903 536 1962 Graius
546 1915 623 1960 erat.
634 1899 725 1960 Refer
734 1900 795 1961 hoc
806 1900 846 1961 ad
856 1922 1049 1976 sermonem,
1060 1923 1126 1983 quo
1137 1901 1298 1976 utebatur,

251 1986 291 2046 ad
306 1989 477 2065 incessum,
494 1989 534 2048 ad
550 1992 692 2071 corporis
706 2011 902 2066 mensuram,
918 1990 958 2050 ad
973 1989 1113 2051 colorem
1128 1991 1252 2068 barbae,
1270 2007 1299 2050 et

252 2075 290 2135 ad
303 2077 440 2159 reliqua,
453 2081 569 2161 quibus
582 2079 686 2140 solent
696 2082 841 2140 nationes
854 2078 894 2140 ab
907 2079 977 2139 aliis
990 2081 1155 2160 distingui.

292 2167 359 2248 596.
376 2167 531 2230 Describit
545 2168 706 2230 hominem
720 2167 893 2230 haerentem
909 2169 950 2228 ad
963 2172 1048 2228 visos
1062 2167 1190 2246 hostes,
1208 2166 1299 2227 dubi-

254 2267 448 2338 tnntemque,
462 2278 502 2316 an
514 2277 581 2318 sese
594 2256 656 2316 illis
668 2259 866 2316 committat:
883 2270 956 2338 post
969 2255 1052 2316 hanc
1065 2277 1192 2316 moram
1206 2261 1298 2316 satius

252 2344 386 2421 ducens,
405 2349 438 2405 in
453 2345 524 2406 illos
538 2345 689 2422 incidere,
707 2367 802 2428 quam
815 2345 860 2406 ibi
874 2345 1001 2426 degere,
1023 2345 1062 2405 ad
1075 2345 1147 2406 illos
1160 2367 1298 2428 praeceps
1338 2375 1339 2378 ¹

252 2431 404 2508 decurrit,
426 2447 512 2492 ratus
534 2431 617 2508 fore,
637 2448 672 2493 ut
689 2433 836 2516 lacrymis
860 2433 1067 2515 precibusque
1087 2435 1299 2494 vincerentur.

253 2523 311 2582 Sed
326 2543 396 2604 quae
411 2543 534 2604 preces,
546 2537 577 2582 et
591 2543 686 2604 quum
698 2523 828 2584 validaei
843 2527 953 2597 Testor,
969 2522 1176 2605 obtestorque
1188 2547 1243 2584 vos
1252 2547 1301 2608 per

251 2612 357 2686 sidera,
367 2634 419 2694 per
426 2615 564 2694 Superos,
575 2633 633 2694 per
643 2631 760 2688 aerem,
772 2633 866 2696 quern
879 2615 1019 2694 spiratis:
1032 2616 1076 2673 ita
1086 2613 1225 2695 explicat
1235 2617 1301 2674 Sca·

250 2702 329 2783 liger
341 2701 435 2779 illud,
447 2701 512 2763 eseli
525 2701 659 2784 spirabile
672 2702 780 2764 lumen.
792 2702 877 2779 Quid
890 2723 964 2763 vero
978 2704 1074 2762 tantis
1086 2701 1256 2783 precibus?
1267 2718 1300 2761 ut

204 2848 206 2854 s
249 2791 393 2867 tollatur,
409 2791 646 2873 abducaturque
661 2790 735 2850 inde
748 2793 781 2850 in
793 2811 1008 2872 quascumque
1021 2804 1121 2850 terras
1132 2813 1140 2848 ι
1154 2811 1231 2850 nam
1243 2789 1301 2850 hoc

212 2943 219 2956 ,
245 2901 407 2942 ,summum
420 2883 478 2940 erit
491 2878 697 2954 beneficium,
710 2893 741 2939 et
754 2877 813 2938 sibi
825 2881 898 2939 satis
910 2901 917 2936 :
931 2881 976 2938 sic
990 2876 1088 2953 infra,
1097 2881 1169 2938 satis
1181 2893 1225 2939 est
1234 2901 1301 2960 perr-

252 2986 306 3035 tem
316 2972 450 3055 effuqisse
459 2970 627 3052 trefandam,
639 2971 729 3051 quasi
739 2968 839 3044 dican
851 2982 975 3028 tantum
985 2984 1070 3049 peto,
1081 2967 1135 3027 hic
1146 2989 1213 3028 non
1224 2988 1298 3042 esse,
1338 3013 1339 3016 η

252 3058 308 3122 boc
322 3073 368 3120 sat
379 3061 440 3118 erit.
460 3059 534 3115 Mox
547 3055 674 3128 fatetur,
696 3077 728 3116 se
745 3058 891 3116 Graecusn
906 3075 986 3129 esse;
1007 3053 1092 3114 bello
1106 3054 1233 3136 Trojam
1247 3078 1300 3138 pc·

252 3153 351 3223 tiisse3
369 3165 592 3230 praeoccupans
607 3143 765 3220 videlicet,
786 3167 855 3227 quae
867 3161 997 3226 possent
1012 3143 1118 3224 objici.
1133 3147 1198 3222 Qui
1213 3145 1299 3205 locus

252 3238 362 3300 efficax
374 3234 412 3294 ad
428 3230 572 3292 hostilem
586 3233 664 3292 iram
680 3233 919 3294 retardandam:
938 3231 974 3293 fit
987 3235 1087 3307 enim,
1103 3247 1140 3291 ut
1156 3230 1214 3292 ubi
1230 3236 1299 3315 quis

254 3326 353 3402 dicat,
373 3344 442 3406 quae
468 3324 548 3379 inse
568 3336 642 3382 sunt
661 3323 788 3398 vitiosa,
807 3321 888 3382 nihil
908 3320 998 3382 alteri
1017 3319 1179 3402 relinquat
1198 3320 1238 3380 ad
1257 3342 1301 3379 re·

253 3415 510 3498 prehensionem:
528 3409 603 3491 q'uid
620 3411 704 3492 quod
720 3411 832 3472 eodem
849 3411 966 3472 effectu
982 3409 1201 3470 misericordia
1219 3413 1299 3470 exci-

253 3503 369 3563 taturiv
845 3557 847 3561 Α
1099 3551 1101 3556 ,

292 3587 362 3663 604.
375 3589 435 3646 Hic
447 3609 573 3670 quoque
585 3601 786 3670 praeoccupat
800 3587 1006 3670 supplicium3
1021 3587 1112 3668 quasi
1125 3585 1223 3660 dicat3
1237 3607 1298 3668 quo
1338 3615 1339 3694 p

255 3697 305 3736 me
317 3696 373 3735 vos
386 3675 543 3757 supplicio
556 3676 688 3756 dignum
699 3679 817 3757 putetis
828 3698 886 3758 pro
898 3689 986 3735 tanta
998 3673 1127 3756 injuria,
1138 3695 1199 3755 pro
1211 3687 1298 3732 tanto

291 3836 351 3904 598.
364 3838 436 3887 Mox.
451 3836 504 3888 Ubi
516 3849 615 3889 metum
626 3840 690 3889 vicit
702 3857 751 3889 ne·
794 3857 858 3909 pum
876 3839 1001 3910 graviore
1016 3835 1145 3906 cogitavit
1160 3831 1296 3904 pericula:

255 3917 371 3967 cessitas.
382 3917 547 3987 -Proeceps
557 3917 617 3968 Sine
627 3929 753 3986 respectu
768 3947 778 3972 s
796 3935 859 3970 sene
870 3916 958 3968 brevis
969 3916 1007 3979 ei,
1021 3913 1098 3984 quasi
1111 3913 1231 3977 timenti,
1245 3913 1296 3982 pri-

254 3996 362 4063 salutis,
379 3997 478 4049 scilicet
496 4009 640 4068 postquam
654 3997 750 4066 Cyclo·
795 4015 838 4049 rna
850 3995 929 4061 datur·
941 3995 1036 4046 oratio.
1050 3993 1119 4046 Serv.
1182 4053 1185 4057 Ι
