2646 4606
190 307 254 384 408
519 293 899 367 COMMENTARIA

190 428 245 486 vit.
257 427 379 487 Dicitur
388 425 446 486 llis
455 445 520 485 esse
529 425 837 506 sanquinisAssoraci,
848 425 882 484 in
893 424 1025 506 gratiam
1032 425 1155 498 AEneae,
1168 425 1237 505 quia

191 514 230 572 ab
242 516 385 574 Assaraco
398 517 489 574 scissa
506 529 551 573 est
562 513 681 572 familia
694 515 796 574 AEneae
809 535 825 572 a
841 512 960 572 familia
973 515 1092 572 Priami
1105 537 1112 571 ε
1128 513 1238 572 dautur

190 603 325 663 Romulo
338 606 371 664 in
383 607 485 664 vertice
497 602 592 684 gnleoe
604 605 696 663 cristae
706 605 845 684 qeminoe,
862 623 935 662 cum
949 601 1106 663 allusione
1122 603 1164 661 ad
1178 621 1237 660 rem

189 690 373 752 militarem:
384 689 808 752 verbostentnotathsbitum
818 693 995 766 cristarum,
1007 713 1078 773 quae
1086 703 1237 750 surrectae.

188 775 286 852 Illud,
300 791 328 838 et
339 783 427 838 Pater
440 781 498 859 ipse
509 800 561 839 suo
574 775 788 860 Superumjam
797 781 894 860 siqnat
904 777 1028 854 honore,
1039 775 1238 839 commodius

188 863 320 926 refertur
330 869 368 927 sd
379 870 506 944 lovem,
522 889 617 950 quam
628 867 667 926 ed
679 870 827 943 Martem,
840 865 900 928 hac
910 871 1065 928 sententia
1077 891 1084 926 :
1095 867 1240 948 Juppiter

187 967 277 1034 pater
287 957 439 1036 Superum
457 958 560 1038 signat
570 956 636 1036 jam
649 955 818 1016 Romulum
832 955 953 1016 bonore
966 977 1044 1033 suo,
1060 957 1094 1016 id
1110 969 1175 1027 est,
1188 973 1238 1012 ce

187 1039 293 1187 {estem
311 1045 378 1124 jain
397 1043 490 1121 facit,
508 1042 574 1126 jem
591 1043 666 1104 hinc
682 1043 815 1104 destinat
832 1046 867 1105 in
888 1065 1057 1106 numerum
1080 1046 1238 1126 immortu-

202 1150 278 1190 rum.

228 1221 296 1299 781.
310 1224 480 1285 ARomulo
491 1227 592 1306 pergit
602 1224 639 1284 ad
650 1228 797 1300 Romam,
810 1245 880 1307 quae
890 1223 1003 1305 inclyta
1010 1250 1020 1298 ,·
1031 1246 1103 1306 quse
1115 1221 1240 1283 condita

188 1311 324 1389 auspiciis
344 1313 487 1388 Romuli3
512 1335 581 1396 quae
600 1327 700 1375 totum
722 1328 876 1374 terrarum
896 1315 1003 1374 orbem
1026 1315 1164 1396 imperio
1187 1331 1240 1370 suo

189 1396 402 1477 complexura,
419 1402 481 1463 hoc
491 1405 575 1463 enim
585 1417 646 1478 est,
659 1407 812 1477 imperium
823 1403 950 1484 aequabit
959 1403 1056 1476 ten-is3
1068 1422 1140 1484 quse
1150 1398 1240 1459 habi·

188 1494 257 1542 tura
273 1487 490 1569 imperatores,
506 1494 607 1567 viros,
623 1494 707 1553 cives
722 1494 829 1572 magni
846 1494 959 1567 animi,
977 1505 1008 1550 et
1019 1491 1110 1566 ideo,
1129 1493 1242 1549 animos

189 1574 316 1654 oequubit
334 1577 459 1662 Olympo
465 1606 475 1652 ,·
491 1601 560 1662 quae
577 1603 638 1642 una
652 1603 748 1662 quum
763 1583 818 1656 sit,
837 1581 1029 1642 circumducit
1038 1601 1133 1641 muro
1149 1579 1240 1638 unico
1301 1587 1302 1682 l

188 1678 267 1720 erues
286 1677 389 1744 septem
395 1691 406 1740 ,·
426 1687 495 1747 quae
512 1667 647 1750 denique
653 1667 733 1753 felix
742 1667 823 1751 prule
834 1689 1022 1748 magnorum
1036 1671 1187 1728 virorum:
1207 1677 1242 1722 ut

188 1767 262 1808 vero
283 1773 436 1814 summam
456 1756 588 1818 laudum
606 1773 725 1840 ponat,
747 1772 909 1841 comparat
928 1758 1016 1818 illam
1034 1779 1108 1818 cum
1126 1752 1240 1836 Cybele
1302 1803 1303 1806 ,

187 1837 327 1900 Deorum
341 1858 453 1918 matre,
473 1866 542 1924 quae
557 1859 587 1906 et
602 1850 719 1921 turrita,
740 1861 771 1907 et
783 1851 818 1908 in
834 1869 922 1908 curru
936 1845 1085 1908 invehitur
1094 1867 1147 1927 per
1161 1841 1240 1904 aba

189 1921 343 2006 Pluyqias,
356 1931 410 1990 ubi
424 1932 490 1993 baec
502 1935 567 1994 Dea
577 1937 735 2016 proeeipue
745 1937 831 1997 culta
841 1959 848 1994 :
860 1956 929 2016 quoe
940 1933 1008 1994 loeta
1014 1947 1103 2016 partu
1115 1949 1241 2010 magno-

188 2033 259 2070 rum
271 2017 419 2079 Deorum:
435 2043 505 2102 quae
517 2022 670 2104 complexa
679 2039 796 2085 centum
810 2038 941 2106 nepotes,
956 2023 1114 2105 plurimos
1129 2017 1239 2080 intelli·

188 2101 249 2179 git,
262 2097 320 2163 hos
329 2126 404 2168 vero
413 2129 514 2170 omnes
522 2108 680 2186 celicolas,
691 2131 790 2180 omnes
802 2126 926 2174 tersentes
936 2133 1041 2192 supera
1052 2109 1131 2183 altu,
1143 2107 1175 2168 id
1185 2119 1240 2180 est,

188 2188 336 2254 caelorum
351 2195 521 2260 domicilia.

228 2281 296 2360 788.
316 2286 489 2348 Excellenti
503 2287 640 2370 judicio,
661 2303 734 2372 post
749 2290 918 2352 Romulum
935 2289 1031 2352 infert
1047 2291 1240 2372 Augustum,
1307 2285 1308 2354 l

189 2371 280 2448 quusi
303 2373 435 2435 alterurn
456 2376 653 2438 conditorem
671 2377 769 2439 urbis.
785 2379 965 2460 Legendum
980 2393 1105 2452 autem,
1126 2375 1183 2436 linc
1196 2395 1241 2455 qe-

189 2459 298 2532 minas,
312 2459 369 2522 hue
380 2488 388 2523 :
401 2486 483 2540 non;
499 2466 557 2528 buc
566 2471 697 2549 yeminas
709 2489 807 2541 nunc,·
821 2481 866 2528 est
877 2471 960 2530 enirn
973 2465 1109 2528 aflectus
1122 2461 1239 2544 major:

190 2563 288 2622 quum
299 2550 359 2624 uit,
369 2554 571 2635 Romanosque
581 2569 659 2630 tuos,
672 2555 834 2615 blanditur
842 2557 943 2616 AEneae
954 2578 961 2612 z
974 2557 1004 2613 τὸ
1015 2555 1126 2627 Cesar,
1141 2553 1242 2631 signat

188 2633 309 2695 Julium
325 2638 497 2718 Cesarem3
514 2645 558 2704 ita
574 2644 684 2705 multi:
700 2643 753 2706 sed
769 2665 826 2726 ego
843 2646 1020 2726 Augustum
1038 2644 1148 2720 capio,
1168 2661 1239 2700 nam

221 2813 689 2892 778.Assaruci.'l’rojauisnsm'l'rois
772 2822 832 2892 782.
847 2821 910 2874 Illa.
927 2822 1016 2888 Quam
1035 2818 1086 2870 tibi
1101 2818 1241 2889 sepefata

189 2890 259 2945 filius
272 2894 410 2952 Assaracus
423 2914 500 2972 peter
515 2916 555 2954 est
568 2906 688 2976 Capyos,
734 2904 925 2972 promiserunt.
938 2930 973 2940 -
984 2899 1100 2969 Inclyta.
1118 2899 1241 2950 Graecum

190 2973 273 3042 Capys
290 2976 427 3045 Anchises,
448 2981 570 3034 Anchises
589 2985 686 3036 AEneae.
733 2993 793 3034 est:
809 3001 871 3034 narn
886 2977 967 3034 uaris
977 2979 1123 3053 qloriasum
1137 2977 1240 3030 dicunt.

187 3047 240 3100 Ilia
253 3053 335 3122 igitur
344 3069 403 3108 ortu
415 3077 447 3109 ex
457 3064 585 3132 sanguiue
594 3063 687 3131 Troja·
768 3061 829 3130 785.
845 3060 924 3112 Prole
933 3061 1026 3112 vinam.
1043 3060 1174 3110 Virorum
1184 3057 1241 3108 for·

188 3147 232 3179 ¹¹⁰·
246 3131 314 3185 Vide
325 3136 384 3186 ΕΒ·
397 3138 423 3202 1,
433 3139 492 3207 274·
731 3143 805 3193 tium.
818 3171 854 3181 -
868 3140 959 3210 Qualis
975 3139 1131 3209 Berecyntia
1148 3149 1239 3188 mater.

226 3211 285 3278 780.
315 3213 414 3266 Viden'.
447 3217 505 3268 Den
528 3218 685 3271 naturaliter
730 3221 846 3293 Phrygia
860 3241 866 3270 ε
881 3225 956 3272 'nam
978 3221 1158 3290 Berecyntos,
1183 3235 1243 3270 cas·

188 3287 269 3380 longa
282 3305 335 3342 est:
349 3291 457 3346 brevem
469 3307 628 3349 tumeneum
637 3317 687 3368 po-
730 3303 826 3355 tellum
847 3315 887 3354 est
908 3302 1026 3373 Phrygio
1044 3304 1120 3370 juxta
1142 3299 1243 3371 Sanga·

189 3380 256 3435 sust,
268 3385 374 3425 secutus
381 3375 509 3440 Ennium
519 3389 546 3429 et
553 3377 621 3430 adeo
630 3381 686 3447 ejus
731 3384 799 3432 rium
810 3381 919 3432 fluvium
928 3417 936 3445 ,
946 3382 993 3432 ubi
1003 3394 1091 3432 muter
1100 3381 1189 3431 Deum
1197 3398 1244 3431 co-

189 3459 229 3498 est
243 3451 381 3504 immutata
394 3468 505 3521 ustura,
519 3470 549 3508 ut
559 3457 615 3525 jam
628 3458 687 3509 ubi·
733 3460 814 3511 lirur:
837 3479 887 3531 per
902 3460 972 3512 bane
986 3473 1078 3512 eutem
1095 3477 1243 3530 comparu-

190 3545 241 3596 que
251 3529 338 3582 brevis
349 3535 506 3587 invenietur.
520 3539 687 3592 Serv.—-Vi·
733 3545 831 3592 tionem
852 3539 920 3592 nihil
939 3539 1014 3592 eliud
1032 3539 1169 3605 ostendit,
1190 3541 1243 3591 nisi

190 3605 254 3656 den'.
265 3606 460 3681 Corripithanc
469 3617 598 3686 syllabam
607 3621 687 3670 etiem
731 3621 865 3672 Romanos
887 3619 969 3672 duces
994 3621 1067 3672 inter
1087 3619 1162 3670 Deos
1185 3638 1244 3672 esse

190 3682 255 3737 Stat.
270 3685 354 3740 Theb.
368 3693 407 3742 X:
424 3697 506 3764 «lpse
518 3695 590 3760 dedi,
600 3697 685 3748 viden’
731 3698 895 3750 referendos.
907 3699 977 3750 Serv.

189 3778 219 3814 ut
239 3765 339 3835 jugulis
365 3777 540 3826 consumserit
563 3794 683 3827 ensem.»
768 3779 827 3846 789.
840 3777 900 3828 Huc
908 3778 1035 3849 qeminas.
1049 3777 1140 3848 Asper
1153 3791 1182 3830 et
1191 3782 1245 3832 ra-

188 3843 686 3922 Horatiusproducitsutj,rxslllue,
732 3858 833 3908 bricius
855 3869 989 3908 vetustum
1015 3855 1070 3907 boc
1096 3855 1216 3909 laudent
1236 3880 1243 3908 ε

189 3921 261 3972 ”⁰¹¹⁰
274 3922 342 3990 abii,
356 3925 455 3978 redeo:
469 3930 575 3984 nemou'
584 3945 614 3984 ut
625 3952 687 3988 ava·
736 3959 747 3981 ι
758 3939 816 3988 Huc
828 3937 947 4007 geminas
963 3935 1016 3986 huc
1032 3934 1111 3987 flecte
1127 3939 1217 3990 acies:
1231 3962 1242 3984 ι

189 4017 243 4050 rus·
256 4025 266 4047 υ
733 4030 762 4066 ut
770 4017 929 4086 repetitione
937 4016 1066 4068 excitetur
1072 4019 1200 4070 attentio.
1210 4019 1243 4070 T.
