2700 4586
349 283 402 352 IN
426 285 659 353 AENEIDOS
683 289 775 352 LIB.
800 291 826 353 Ι.
1063 301 1101 366 81

64 405 132 468 lieo
144 419 204 468 aut
215 407 348 489 tapetia,
364 421 419 468 aut
430 407 565 488 stragula
580 420 668 468 erent
678 408 727 468 vel
742 430 758 469 e
771 427 925 492 purpura,
946 415 994 473 vel
1005 437 1040 478 ea
1055 441 1106 478 or»

63 509 142 556 nata.
158 496 246 572 Quid
261 499 294 556 in
306 497 419 556 mensis
429 495 519 578 ipsis?
530 495 666 556 multum
676 499 759 572 ouri,
771 493 864 579 atqde
874 505 1006 581 argenti;
1017 507 1108 566 intel-

64 581 130 664 ligit
140 583 264 666 pocula
278 603 384 658 aurea,
404 597 435 644 et
449 597 600 664 argentea.
622 586 766 666 Sequitur
780 586 1000 668 amplificatio:
1021 607 1108 656 erant

29 721 34 738 ,
63 667 125 732 haec
137 672 341 755 poculorum
354 685 481 749 ornatu,
493 673 636 734 videlicet
647 695 719 734 cum
730 674 890 752 caelatura',
902 692 932 738 et
943 681 1108 744 emblema·

64 759 142 820 tibus
153 785 160 820 ε
173 783 249 822 nam
259 763 304 821 ibi
315 765 409 844 Reges
419 761 596 839 Phoeniciae,
606 765 655 823 avi
666 765 809 845 atavique
817 759 952 828 Didonis
959 768 1025 850 jam
1035 771 1108 834 inde

65 846 101 906 ab
110 851 245 931 antiqua
255 852 376 931 origine
387 873 394 908 :
406 849 467 910 hoc
480 853 549 936 ipso
561 851 655 910 etiam
665 864 753 911 notet
764 852 997 939 quodammodo
1007 873 1107 921 vetus·

65 947 156 997 tatem
170 939 375 1020 poculorum,
388 960 456 1020 quae
470 939 637 1022 peculiaris
651 952 696 999 cst
707 942 948 1004 commendatio.

99 1023 170 1100 643.
185 1027 261 1086 Vult
272 1029 375 1088 stetim
387 1029 495 1088 AEneas
507 1027 608 1088 facere
619 1027 721 1086 filium
732 1030 1006 1110 participem'tanti
1016 1035 1108 1114 honi,

64 1115 157 1175 misso
173 1115 213 1175 ad
226 1116 318 1176 illum
329 1115 456 1190 Achate,
470 1115 523 1176 sed
533 1137 589 1176 cur
599 1118 747 1197 premittit
754 1137 820 1176 non
833 1119 899 1199 ipse
908 1121 1110 1206 iturusi'quia

65 1202 141 1264 alios
160 1207 248 1286 sequi
265 1205 350 1267 hunc
360 1207 469 1286 jussit,
483 1207 528 1265 ait
543 1206 736 1285 Pomponius
756 1204 896 1266 Sabinus.
914 1210 1108 1274 parenthesis

65 1295 203 1352 continet
221 1313 360 1368 causam,
379 1315 434 1354 cur
452 1293 559 1352 statim
573 1290 722 1352 Achatem
739 1293 857 1352 miserit
868 1293 908 1353 ad
921 1295 1031 1358 lilium.
1051 1299 1109 1360 Sed

66 1402 131 1462 quae
141 1382 199 1450 dat
208 1383 373 1444 mandata?
382 1396 417 1443 ut
424 1383 519 1458 ferat,
528 1383 652 1442 nuntiet
661 1380 728 1442 haec
739 1384 847 1442 omnia
857 1406 926 1465 quae
935 1399 1000 1446 tam
1010 1386 1110 1450 fauste

66 1469 159 1530 modo
176 1473 387 1551 contigerant3
407 1483 443 1530 ut
459 1471 563 1552 ipsum
578 1467 672 1530 ducet
686 1469 724 1528 ad
739 1471 872 1546 moenia,
889 1472 1034 1536 futurum
1045 1491 1110 1536 tam

66 1560 226 1641 insperatae
242 1557 398 1620 felicitatis
420 1575 539 1620 testem.
559 1557 693 1618 Additur
712 1558 923 1641 epiphonema
941 1567 1110 1645 superioris

66 1647 310 1722 sententiae'hoc‚
331 1651 435 1710 Omnis
449 1651 481 1708 in
493 1649 635 1721 Ascanio,
656 1659 711 1708 etc.
725 1648 758 1707 id
772 1661 832 1724 est,
851 1652 950 1730 patris
962 1673 1036 1713 cura
1050 1656 1109 1714 sita

67 1747 107 1796 est
117 1749 183 1796 tota
195 1730 358 1817 deliraque
368 1739 402 1795 in
413 1736 560 1811 Ascanio,
572 1735 630 1816 qui
640 1733 738 1810 filius,
750 1737 805 1816 qui
815 1739 939 1813 unicus,
957 1743 1011 1821 qui
1024 1763 1109 1825 orep·

66 1839 111 1886 tus
121 1826 232 1906 Troia,
244 1827 300 1906 qui
313 1824 438 1886 futurus
450 1823 547 1884 ltaliae
562 1822 657 1884 haeres
672 1844 708 1884 ex
719 1827 880 1908 promissis
892 1827 1039 1890 fatorum.
1052 1833 1109 1892 Ex·

65 1913 190 1994 plicatio
202 1915 231 1974 N
232 1914 411 1976 escimbteni
421 1935 619 1996 nequaquam
630 1913 733 1994 placet
744 1929 868 1976 :nostra
877 1922 1053 1980 communis
1064 1935 1109 1982 est

67 2005 224 2078 omnium,
235 2017 267 2062 et
278 2004 422 2085 inprimis
433 2001 540 2083 magni
554 2002 697 2083 Scaligeri
709 2002 765 2062 lib.
778 2006 837 2080 111,
851 2007 937 2066 Poet.
950 2028 1017 2090 cap.
1030 2031 1077 2070 20.

102 2090 170 2172 647.
185 2089 263 2157 Vult
277 2092 414 2152 vicissim
430 2093 538 2152 AEn'ees
554 2089 821 2172 magnificentiam
835 2113 923 2152 suam
935 2109 1105 2172 ostentare3

65 2179 193 2240 mandat
207 2178 317 2241 Achati
331 2180 415 2241 dicat
428 2181 575 2255 Ascanio,
588 2193 623 2239 ut
636 2178 687 2240 hic
701 2200 805 2240 secum
815 2177 893 2242 ierat
906 2181 1046 2244 munera}
1058 2187 1107 2247 Sic

65 2266 196 2348 explica,
210 2289 292 2344 non,
303 2281 339 2328 ut
350 2271 415 2351 ipse
427 2268 556 2330 Achates
569 2267 664 2343 ferat3
676 2289 752 2328 nam
762 2281 869 2350 postea
880 2269 919 2330 de
930 2270 1009 2332 falso
1021 2275 1109 2334 Asca·

64 2358 117 2416 nio
136 2357 260 2434 audies,
276 2359 409 2441 portabat
431 2362 524 2441 Tyriis
542 2363 633 2441 Regia
653 2358 740 2420 dona.
765 2361 883 2442 Pergit,
904 2376 999 2444 erepta
1017 2367 1109 2426 ruinis

62 2443 175 2520 Iliacis,
195 2446 282 2507 velut
299 2448 458 2509 excusatio
475 2467 653 2509 munerum.
673 2446 730 2508 Sed
747 2468 817 2529 quae
836 2449 936 2509 dona?
954 2453 1107 2534 quinque,

64 2531 188 2613 pollam,
201 2533 348 2611 velamen,
360 2550 516 2617 sceptrum,
529 2535 653 2610 monile,
665 2557 805 2596 coronam
813 2535 966 2619 duplicem.
979 2541 1108 2622 Singula

65 2624 184 2703 egregie
193 2623 404 2700 commendat,
412 2623 478 2704 jam
488 2645 507 2683 a
516 2626 661 2698 materie,
671 2622 737 2704 jam
748 2623 787 2683 ab
798 2639 878 2700 arte,
886 2623 953 2705 jam
963 2647 980 2684 a
990 2629 1108 2702 colore,

63 2706 127 2788 jam
139 2732 157 2770 a
168 2714 324 2794 personis,
337 2709 403 2793 jam
417 2733 435 2771 a
448 2711 534 2794 loeis.
545 2711 722 2784 hmateria3
736 2703 810 2770 narn
821 2711 906 2792 palla
917 2715 1013 2793 rigens
1022 2737 1108 2789 auro,

65 2813 96 2858 et
110 2819 235 2862 coronae
248 2822 283 2860 ex
294 2805 417 2884 gemmis
427 2822 565 2884 nutuque.
580 2800 626 2859 Ab
641 2813 720 2872 arte3
736 2819 811 2857 nam
824 2798 908 2880 pella
921 2820 993 2859 cum
1004 2805 1093 2884 signis
1097 2828 1109 2876 ,-

64 2886 206 2950 relamen
219 2893 441 2963 circumtextum
449 2888 577 2952 acantho
581 2914 593 2964 ,·
605 2909 679 2950 nam
693 2887 811 2948 monile
826 2887 1006 2950 baccharum.
1019 2895 1044 2951 A
1055 2913 1107 2954 co·

66 2973 144 3053 lore3
161 2992 237 3038 nam
251 2977 403 3040 acanthus
421 2999 545 3040 croceus·
566 2981 591 3038 A
607 2978 762 3060 personis3
782 2997 856 3037 nam
867 2977 965 3060 palla,
984 2992 1014 3039 et
1029 2981 1109 3041 vela-

65 3083 137 3126 rnen
155 3081 230 3128 sunt
245 3065 367 3128 Helene
383 3082 515 3141 ornatio,
536 3067 650 3149 quibus
664 3065 719 3126 illa
733 3067 864 3148 spectari
878 3064 1105 3128 formosissima

101 3195 160 3261 641.
175 3197 265 3247 Fortia
271 3195 355 3268 facta.
370 3199 480 3250 Veteres
494 3197 564 3248 enim
644 3193 816 3265 Gipllrepta.
826 3191 950 3244 Ostendit
961 3191 1039 3244 valde
1050 3211 1110 3262 pre-

67 3274 94 3324 iu
104 3275 232 3328 conviviis
245 3276 368 3330 solebant
378 3278 461 3329 fortia
469 3293 565 3346 paren·
609 3276 694 3341 tiosa,
707 3292 764 3345 quae
774 3285 927 3326 meruerunt
936 3289 968 3322 ex
977 3273 1060 3324 ruinis
1070 3275 1107 3325 ci·

67 3365 123 3404 turn
135 3356 209 3408 facta
220 3375 343 3423 narrare,
358 3375 416 3428 qnae
429 3355 474 3408 hic
485 3357 565 3408 etiam
608 3356 697 3406 vitatis
707 3354 788 3423 eripi,
801 3364 828 3404 et
840 3369 897 3422 quoe
909 3349 1033 3420 poterant
1043 3369 1106 3404 con·

65 3431 198 3505 insculpta
222 3434 287 3487 dicit
307 3457 314 3486 ε
336 3448 363 3488 et
385 3435 429 3486 hic
456 3433 565 3487 resolvit
608 3431 939 3500 rivisostenderequanta
955 3428 1105 3485 olim‘nrbis

66 3509 146 3564 Poeta
156 3512 239 3577 illud,
255 3514 328 3586 qnod
344 3513 564 3586 reprehenditur,
608 3511 722 3564 felicitas
734 3511 835 3562 fuisset.

67 3607 114 3642 our
123 3593 151 3642 in
161 3593 261 3664 templo
270 3595 396 3660 lunonis,
409 3611 464 3644 non
473 3595 565 3644 Poeno·
647 3589 707 3644 650.
732 3592 843 3642 Omatm
862 3588 965 3661 Arpivoe
984 3589 1107 3652 Helenoe,·

67 3670 565 3744 tumetGraecorumfactadepinxerit;
610 3667 1111 3744 quorilIaMycenis.llicquoquecom·

67 3747 167 3800 scilicet
188 3751 262 3821 quod
280 3769 389 3803 suorum
407 3769 450 3804 res
468 3753 568 3822 pretio·
612 3747 746 3802 mendatio
756 3749 1035 3818 munerisapersona,
1051 3766 1108 3818 quae

69 3828 137 3878 tiore
154 3832 266 3882 materia
284 3831 401 3902 signatas
421 3829 565 3882 habuerit:
612 3841 638 3882 et
649 3831 677 3879 in
689 3829 754 3900 fuga
764 3829 853 3899 magni
868 3828 970 3880 feeerit.
986 3829 1037 3880 Sed
1048 3827 1122 3901 vide,¹

71 3925 128 3978 que
140 3909 178 3962 ibi
192 3913 273 3964 etiam
286 3910 390 3981 sculpta
404 3921 496 3977 erant,
510 3925 567 3962 mos
609 3912 663 3980 jam
692 3926 771 3960 omen
793 3907 960 3962 infelicitatis
987 3909 1109 3958 futures

72 3989 140 4039 enim
151 4001 208 4042 eret
220 4001 349 4042 veterum.
362 3990 431 4042 Seru.
613 4005 695 4059 quum
716 3987 841 4040 adultera
860 3988 971 4056 suscipit
988 4002 1107 4042 munera.

139 4078 164 4130 6.
915 4075 931 4132 6
