2644 4614
203 319 265 386 500
529 311 908 377 COMMENTARIA

200 431 1241 524 Tybris,Regevidelicetinillumimmcrso.Dehisomnibusvidendi

201 545 271 592 sunt
285 530 348 589 duo
361 527 509 585 Excessus
523 523 710 597 doctissimi,
726 524 786 583 vol.
799 525 860 598 111,
874 544 945 604 pag.
959 523 1019 584 366
1030 540 1061 584 et
1074 525 1149 608 475.

238 621 306 681 333.
321 619 464 676 Extremo
477 614 546 674 loco
558 634 589 672 se
598 629 821 673 commemorat
830 613 989 689 Evander,
1002 617 1057 694 qui
1068 635 1108 673 ex
1118 617 1241 676 Arcadia

199 717 233 772 in
243 709 366 769 ltaliam
378 703 549 786 appulerit,
564 701 752 784 etquidem,
767 723 831 762 non
845 715 880 761 ut
891 702 963 778 alii,
978 723 1043 783 prae
1058 705 1242 786 impotentia

198 799 392 858 dominatus:
417 789 469 850 aed
489 803 611 848 tantum
630 801 749 849 secutus
769 788 948 865 fortunam,
969 789 1091 865 fatum,
1113 807 1242 852 matrem

198 886 411 952 Carmentem,
423 875 600 958 Apollinem
612 877 726 950 Deum,
739 874 853 956 quibus
862 879 983 955 nequiit
995 875 1166 937 obsistere:
1180 881 1242 938 ideo

197 970 392 1053 singulorum
404 965 529 1026 adhibet
540 966 689 1024 rationesz
703 964 742 1022 de
751 965 892 1039 fortuna,
902 969 1107 1046 omnipotens:
1117 967 1243 1040 delato,

200 1057 401 1123 ineluctabile.-
419 1056 585 1128 de-matre,
602 1053 748 1114 tremenda
761 1057 892 1114 monita:
908 1054 947 1114 de
959 1054 1124 1136 Apolline,
1138 1073 1244 1118 auctor.
1301 1047 1302 1064 ³

237 1152 306 1231 337.
321 1149 393 1208 Haec
406 1164 503 1226 quum
516 1143 655 1218 dixisset,
679 1143 796 1224 placuit
812 1142 917 1224 aliqua
929 1143 1029 1202 oculis
1041 1145 1243 1225 perlustrare,
1301 1135 1302 1144 ¹

196 1255 226 1302 et
235 1237 372 1299 indicare
382 1235 492 1315 digito.
504 1234 602 1314 Ergo,
613 1253 775 1314 proptessus
785 1245 1019 1292 monstraturum
1029 1233 1169 1294 dicatam
1179 1237 1246 1296 Car·
1301 1303 1302 1314 ,

196 1341 325 1399 mentae,
336 1339 367 1386 et
375 1324 506 1407 portam,
517 1343 610 1403 quam
621 1321 660 1380 ab
671 1321 776 1380 eadem
788 1321 906 1402 placuit
916 1319 1135 1381 Cannentolem
1147 1323 1243 1383 dicere

195 1420 330 1478 Romdno
348 1413 477 1470 nomine.
499 1411 566 1469 Hoc
583 1414 735 1488 ἐμφατικῶς,
757 1409 843 1488 quasi
856 1409 955 1465 Roma
978 1427 1094 1467 ornare
1112 1431 1161 1470 res
1179 1431 1242 1470 suas

93 1496 98 1516 ’
195 1505 343 1564 voluisset
355 1501 483 1560 nomine
493 1499 661 1580 peregrina
671 1496 805 1556 feminae.
818 1497 854 1554 ln
865 1497 1007 1576 sequenti
1018 1517 1112 1557 versu
1124 1499 1242 1579 aliquid
1301 1489 1302 1494 ¹

196 1587 462 1658 subaudiendum,
477 1586 561 1646 hunc
574 1587 606 1644 in
619 1583 767 1644 modum:
782 1605 871 1666 quom
882 1595 999 1664 portam
1013 1599 1184 1645 mernorant
1195 1607 1239 1645 re·
1301 1603 1302 1632 ³

193 1682 321 1740 tinuisse
329 1676 598 1757 honorempn'scum
606 1671 752 1754 Nymphae
760 1673 928 1744 Carmentis,
938 1673 1013 1732 vatia
1012 1671 1241 1754 fatidieoe5ideo
1301 1727 1302 1732 ,

194 1781 271 1828 vates
279 1764 422 1850 fatidica,
436 1765 510 1844 quia
524 1766 634 1822 cecinit
646 1762 813 1822 adventum
826 1759 1038 1838 Troianorum
1057 1761 1093 1819 in
1107 1781 1144 1820 ea
1160 1761 1242 1837 loca,
1301 1835 1302 1838 Ἴ

195 1871 225 1915 et
234 1855 371 1914 futuram
382 1852 532 1909 Pallantei
543 1852 687 1909 notitiam
698 1895 707 1923 ‚
721 1862 751 1909 et
762 1850 894 1930 gloriam
905 1871 911 1906 :
928 1862 1097 1928 utramque
1108 1871 1175 1909 rem
1187 1864 1243 1910 stu·

193 1942 279 2000 diose
293 1939 457 2017 conjungit
473 1937 617 1996 Evander
633 1937 670 1997 ad
688 1939 790 1997 AEneae
802 1951 945 2018 gustum,
966 1935 1006 1996 ad
1025 1937 1074 1996 s'ui
1091 1937 1243 2018 gloriam:
1301 1939 1302 2010 l

195 2027 266 2087 vide
276 2045 363 2098 vero,
379 2027 423 2082 uti
434 2023 580 2082 delinitus
591 2029 742 2084 memoria
753 2025 884 2084 materni
896 2025 1049 2099 nominis,
1060 2037 1110 2084 ter
1119 2036 1243 2106 repetat.

236 2113 304 2190 342.
326 2111 444 2172 Deinde
462 2125 612 2170 monstrat
629 2110 734 2170 lucum
752 2111 859 2183 illum,
881 2131 974 2190 quem
991 2111 1147 2170 Romulus
1165 2113 1244 2173 Grae·

194 2223 302 2264 corum
312 2200 511 2260 aemulatione
521 2198 633 2274 ,relata
645 2197 685 2257 ab
696 2198 758 2258 illis
768 2197 1005 2272 consuetudine,
1016 2198 1148 2279 Asylum
1160 2199 1242 2274 fecit,

195 2305 229 2351 ut
237 2294 427 2351 itacreseeret
437 2305 526 2346 novae
535 2287 619 2346 urbis
627 2290 768 2346 structio:
779 2297 869 2366 atque
877 2287 969 2344 etiam
978 2289 1244 2367 monstratLuper·

195 2376 244 2438 cal
254 2380 353 2438 Panos
370 2377 464 2454 Lycaei
480 2373 606 2448 dictum,
625 2374 655 2432 id
674 2387 733 2450 cst,
748 2385 976 2447 consecratum,
994 2371 1199 2454 dicatumque
1211 2373 1243 2432 de

196 2486 273 2524 ruore
283 2459 457 2533 Parrhasio,
469 2460 498 2518 id
511 2476 568 2537 est,
579 2461 726 2522 Arcadico
739 2485 745 2520 z
757 2473 801 2522 est
810 2463 893 2520 enim
904 2457 1085 2533 Parrhasia,
1102 2461 1240 2520 Arcadia.

235 2549 304 2625 345.
320 2548 462 2609 Ostendit
475 2564 619 2629 praterea
634 2571 734 2612 nemus
751 2547 913 2633 Arpiletln',
937 2553 979 2608 ita
999 2549 1076 2610 dicti
1097 2549 1138 2609 ab
1158 2549 1240 2610 letho

233 2740 293 2794 336.
306 2741 695 2813 (amentisnympltoemonita.
741 2743 838 2796 cadum
858 2744 1041 2814 scripserunt,
1063 2741 1181 2794 tradunt
1205 2761 1246 2795 sex

198 2821 290 2872 Matris
310 2820 440 2887 Evandri,
465 2840 522 2892 quae
544 2823 697 2874 Nicostrate
739 2825 863 2876 foeminas
876 2823 1024 2886 ibifuissm
1043 2839 1104 2892 quae
1115 2823 1246 2895 Nymplsoe

198 2899 383 2952 dictaest.Sed
391 2899 452 2952 ideo
460 2901 698 2973 Cannentisappel·
740 2916 913 2967 vocarentur,
932 2903 962 2953 in
980 2903 1058 2972 queis
1077 2915 1106 2954 et
1126 2905 1246 2955 Conam-

197 2980 253 3032 lata
268 2999 283 3031 a
295 2982 363 3045 suis,
377 2980 451 3050 quod
463 2979 628 3032 divinatione
640 2983 697 3032 fata
741 2994 808 3034 tem:
824 2983 935 3054 proprio
948 2999 1014 3052 ergo
1025 2981 1181 3048 vocabulo,
1196 2999 1245 3032 non

198 3071 318 3120 canerem
335 3077 397 3109 nam
415 3060 522 3127 antique
540 3072 614 3110 vates
635 3063 697 3112 Car-
741 3061 859 3134 epitheto
871 3061 994 3132 poetico,
1005 3077 1070 3112 usus
1081 3073 1132 3114 est.
1146 3063 1216 3114 Sem.

196 3148 293 3190 mentes
304 3137 476 3199 dicebantur;
489 3137 561 3189 nnde
571 3140 650 3190 etiam
662 3139 697 3190 li·
777 3143 838 3208 340.
848 3142 921 3196 Vatis
922 3140 1053 3212 fatidicae.
1062 3141 1136 3194 Bene
1145 3141 1247 3194 addidit
1301 3207 1302 3212 ¹

197 3217 315 3285 brarios,
334 3219 379 3288 qui
395 3237 486 3268 eorum
499 3216 697 3288 dietaperscri-
736 3221 869 3294 fatidieoe;
895 3238 958 3271 nam
980 3231 1066 3270 uatem
1087 3235 1115 3273 et
1137 3234 1245 3293 poetam
1301 3223 1302 3276 ζ

197 3295 304 3361 herent,
319 3297 505 3348 cementarios
516 3310 694 3369 nuncupatos.
740 3317 881 3371 possumus
906 3299 1066 3370 intelligere.
1091 3329 1127 3339 -
1151 3301 1247 3353 Ceeinit
1301 3327 1302 3364 3

198 3375 251 3426 Alii
270 3375 349 3446 hujus
371 3378 481 3427 comites
500 3378 645 3428 Porrimam
669 3389 696 3428 et
741 3397 798 3452 quse
807 3379 1245 3451 primaQuiaposteaetiamSi·
1301 3375 1302 3450 4

198 3455 365 3506 Postvortam
376 3455 501 3521 tradunt,
515 3459 578 3526 quia
591 3458 695 3509 vatibus
740 3458 819 3529 bylla.
834 3457 1091 3529 Sena-Magnum
1107 3477 1246 3530 argumen-
1301 3453 1302 3538 4

199 3544 226 3582 ct
241 3535 372 3603 praeterita
392 3547 417 3586 et
437 3536 527 3587 futura
544 3548 605 3587 sunt
622 3550 694 3589 nota.
730 3531 796 3588 'tum
812 3537 885 3608 quod
902 3538 960 3588 Dea
977 3538 1059 3588 fuerit
1074 3551 1102 3588 et
1118 3539 1247 3602 fatidica;
1301 3547 1302 3564 ³

166 3617 168 3627 '
198 3610 487 3684 Aliietiamprurtem
496 3614 602 3667 dietam.
611 3619 697 3687 Nym·
741 3635 821 3688 quum
829 3619 916 3689 prima
924 3619 1053 3668 cecinerit
1061 3617 1246 3670 AEneadasfu·
1301 3651 1302 3672 t

175 3687 257 3767 ¹plna·
279 3701 379 3755 autom,
406 3693 506 3743 maritae
528 3693 612 3745 dicit:
633 3715 695 3748 nam
739 3709 812 3748 turos
821 3709 979 3768 magnos,et
988 3696 1161 3750 Pallanteum
1171 3700 1243 3748 futu·
1301 3693 1302 3748 4

199 3765 694 3842 Graeceninm,Latinesponsadicitur.
740 3795 798 3826 rum
810 3775 908 3826 nobile.
922 3776 1172 3829 Danaa-Nobile
1184 3776 1244 3828 Pal·
1301 3777 1302 3806 4

198 3848 261 3896 Ilaec
272 3855 359 3894 autem
369 3866 423 3898 non
433 3851 694 3922 vereNymphafuit,
740 3854 863 3906 [anteum.
885 3856 1014 3906 Futurum
1036 3855 1158 3922 scilieet,
1179 3859 1244 3908 sicut

199 3923 246 3976 sed
266 3922 440 3975 vaticinatrix.
468 3929 520 3979 Alii
542 3932 695 4002 Nymphom
740 3948 765 3985 et
778 3934 921 3994 AEneados‚·
934 3934 1096 4004 adsequens
1108 3938 1184 3988 enim
1195 3939 1245 3988 llo·

197 4003 259 4056 ido'o
270 4000 382 4066 dictam,
396 4009 522 4072 quoniam
533 4013 578 4078 qui
590 4029 632 4062 res
643 4011 695 4063 Ar·
739 4033 878 4068 manorum
888 4013 980 4067 retulit
992 4027 1110 4087 tempus.
1119 4017 1196 4072 Sara.
