2670 4596
408 309 779 392 olsQu181T10.9
1011 320 1098 410 xxvij

70 441 135 524 cia,
151 439 362 534 primaevam
379 451 518 506 naturae
533 434 817 533 simplicitatem,
838 435 1103 516 fenitanctde

71 555 175 649 prisca
193 554 382 649 asperitate
401 549 573 622 nonnihil
592 556 729 629 retinet.
752 555 873 626 AEneis
887 562 1032 629 tuncin
1047 557 1102 629 lu.

71 693 140 736 cern
155 665 268 756 edita,
284 651 411 764 quum*
419 669 575 738 maxime
589 665 757 764 vigebant
772 681 862 766 artas
876 669 1103 774 florebatque
1203 711 1231 740 ν
1326 685 1328 770 g

72 779 186 870 luxus,
209 783 378 879 Augusto
397 797 571 880 regnante
586 798 620 855 et
640 779 800 870 favente,
824 787 901 881 ips'a
916 788 1102 886 cogitandi

71 914 101 966 ct
125 895 305 968 scribendi
331 894 719 993 ratione'explicatamf
732 895 896 986 declarat
916 905 1104 1001 perpolita

69 1013 139 1111 jam
158 1015 272 1082 aetatis
290 1027 326 1082 et
347 1009 544 1108 locupletis
561 1009 655 1085 aulae
676 1011 999 1110 magnificentiam.
1022 1021 1105 1094 Gir.

71 1153 150 1198 rnen
163 1126 207 1196 de
219 1124 474 1222 Hierosolyma
488 1123 638 1199 liberata
652 1129 752 1223 prius
765 1131 979 1219 institutam}
990 1133 1106 1232 quarn

72 1258 196 1332 ueteres
217 1244 392 1338 equestris
413 1237 614 1338 disciplinae
634 1238 726 1338 leges
747 1266 895 1338 prorsus
916 1245 1108 1322 obsolevis-

73 1373 165 1444 sent‚
180 1355 304 1441 saeculi
317 1359 392 1444 sui,
407 1354 510 1452 quod
522 1360 561 1426 in
575 1381 694 1444 arma,
712 1355 903 1456 religiones
919 1378 955 1432 et
968 1387 1109 1438 amores

72 1470 226 1571 proclive
238 1469 328 1558 fuit,
344 1474 484 1568 poetica
496 1469 559 1540 illa
573 1469 655 1578 luce
666 1469 826 1569 effulget.
840 1473 1005 1548 Miltonis
1017 1503 1111 1576 opus

71 1589 244 1684 posterius
274 1586 332 1654 vix
361 1581 502 1681 aliquot
531 1587 635 1654 annis
663 1575 749 1654 belli
777 1586 891 1658 civilis
917 1593 1111 1686 incendio,

69 1725 189 1799 grave,
214 1713 421 1786 austerum,
446 1700 568 1769 tetrice
589 1695 801 1795 religiosum
823 1713 940 1771 sonat.
970 1695 1113 1779 Gallica

68 1817 218 1886 Henrias
246 1817 342 1882 inter
371 1814 522 1882 recentis
550 1808 794 1908 philosophiae
824 1835 936 1886 cunas
964 1815 1112 1911 errorta',

68 1932 329 2002 sententiarum
344 1942 535 2002 acutarum
550 1951 693 2023 sapore,
703 1924 947 2026 ,aelnoprenti
961 1933 1114 2007 antitho'·

69 2065 192 2118 tornrn
217 2042 412 2114 libramine
437 2039 572 2114 natales
599 2041 843 2138 suos'prodit.
863 2045 930 2116 ¹¹Sic
955 2045 1114 2149 denique

68 2165 163 2232 inter
171 2181 209 2230 se
218 2155 350 2230 similia
360 2155 423 2228 illa
434 2171 539 2242 sunt,
552 2171 594 2226 ut
604 2153 777 2228 facillime
789 2155 953 2256 dignosci
961 2181 1113 2260 queant.

68 2274 179 2347 Haud
197 2271 302 2346 aliter
320 2268 473 2342 aedificia
491 2294 576 2368 quae.
592 2294 669 2340 uno
688 2287 752 2342 aut
769 2269 887 2344 altero
898 2273 1034 2350 abhinc
1053 2302 1115 2351 εω-

68 2389 156 2462 culo
171 2371 352 2486 primariis
367 2387 524 2482 Europae
539 2382 692 2456 urbibus
708 2407 953 2481 accesserunt,
971 2395 1116 2466 eosdem

68 2531 185 2604 prope
209 2503 256 2576 ad
280 2524 453 2574 numeros
475 2503 705 2598 rationesque
726 2505 867 2591 exacta,
892 2527 970 2576 non
994 2524 1118 2580 tamen

68 2619 199 2692 eadem
217 2621 378 2714 partium
395 2617 662 2711 compositione
677 2615 936 2720 gaudent;·sed
950 2618 1023 2693 hoc
1040 2613 1119 2720 qui.

69 2735 157 2806 dern
170 2731 266 2806 tholi
276 2728 565 2830 magnificentia,
583 2728 677 2802 illud
691 2753 777 2800 vcro
789 2729 965 2826 elegantia
979 2734 1119 2818 oolam-

69 2872 226 2935 narum‚
241 2850 390 2920 tertium
400 2842 503 2920 mole
514 2857 580 2914 sua
592 2839 770 2942 superbit,
784 2859 827 2912 ut
838 2841 975 2940 quanto
985 2846 1119 2922 torma·-

68 2990 163 3045 rum
170 2963 442 3049 convenientia,
456 2971 556 3030 tanta
567 2959 612 3028 sit
622 2957 1115 3054 aspectuum‘dis'similitudo.

434 3145 437 3150 '
490 3129 542 3205 De
557 3131 710 3206 AEneide.
764 3117 789 3134 χ’

122 3265 278 3368 AEneide
291 3299 489 3392 praesertim
503 3295 684 3392 rejectant
697 3294 1037 3383 musenaunaesde
1050 3303 1123 3395 qua
1186 3358 1193 3373 ,
1264 3283 1267 3290 ’

70 3411 153 3507 jam
171 3410 335 3508 pridem,
357 3426 559 3508 antequam
574 3437 595 3490 a
610 3428 670 3482 me
685 3409 880 3483 millesimo
896 3412 990 3508 typis
1006 3411 1123 3486 edere·

69 3543 158 3613 tur,
175 3523 276 3622 apud
288 3523 418 3597 doctos
426 3523 670 3622 dijudicatum
679 3540 773 3594 erat:
790 3549 903 3620 quare
915 3529 1122 3600 temeritatis

68 3638 321 3712 intolerandae
331 3639 518 3726 duxerim,
531 3642 561 3710 si
571 3642 652 3737 quis
665 3655 747 3736 post
761 3639 1122 3735 viginti-seculorum

67 3749 254 3854 suffragia
286 3753 387 3826 litem
421 3757 600 3852 integrare
631 3769 665 3848 et
694 3751 741 3826 ad
768 3751 927 3825 calculos
954 3754 1124 3829 reducere

67 3873 239 3942 tentarit.
251 3871 434 3968 Ego,non
443 3868 920 3940 utdeAEneidescntentiam
929 3873 1124 3968 quisquam

68 3983 192 4090 ferat,
220 3985 285 4058 sed
304 4010 380 4082 quo
402 3988 514 4081 magis
536 3983 770 4056 admirationi
787 3981 1123 4104 suaeindulgeapt,

943 4096 966 4144 t.
