2700 4586
324 315 376 380 IN
399 314 633 381 AENEIDOS
655 315 747 380 LIB.
775 319 821 382 ll.
1031 351 1086 394 111

44 444 105 516 uit,
116 441 271 502 Sinonem
280 437 398 519 fugisse
407 439 519 504 σπονδὰς
526 442 678 516 οὐλοχύτας,
692 430 846 514 libamina,
856 444 981 508 etsalsas
990 431 1092 515 molas,

45 529 128 592 Vide
143 550 235 603 vero,
257 542 293 586 ut
307 523 404 587 Sinon
418 525 511 586 faciat
526 525 633 606 fugam
648 547 736 586 susm
750 530 959 594 miserabilem
973 559 991 597 a
1008 539 1094 621 loco,

47 620 103 678 nbi
116 615 262 691 delituit3
277 629 308 676 et
318 637 336 675 a
347 630 501 696 tempore,
517 615 591 694 quia
602 633 658 694 per
670 629 812 676 noctem:
827 618 962 684 obscurus
967 649 1020 708 per
1027 653 1096 692 noc·

49 724 122 780 tem,
136 727 206 766 esse
221 717 341 787 potest,
351 724 408 786 per
419 700 586 764 obscuram
597 717 735 781 noctem,
747 706 906 770 locutione
915 719 1096 797 poetica,'e't

48 795 188 876 Virgilio
200 793 460 876 frequentissime.

45 931 48 938 ,
94 885 165 966 137.
180 881 372 944 Confirmata
383 880 449 962 jam
463 879 539 956 lide,
555 877 687 940 affectus
702 884 830 958 excitat,
845 886 958 968 quihus
972 915 1097 974 permo.

52 985 140 1046 veat,
155 971 225 1050 jam
240 972 279 1030 ab
292 992 362 1052 spe,
377 991 445 1052 qute
457 967 560 1043 nulla,
573 967 701 1028 videndi
713 974 862 1050 patriam,
875 990 978 1056 natos,
990 1003 1100 1062 paren.

54 1074 138 1120 tem:
154 1057 224 1140 jam
239 1060 279 1118 ab
299 1072 399 1134 metu,
416 1079 479 1139 quo
497 1059 587 1118 timet
598 1055 666 1116 fore
677 1071 713 1116 ut
729 1059 800 1118 irati
815 1061 915 1122 Graeci
928 1069 1055 1129 saeviant
1067 1075 1099 1131 in

54 1149 189 1223 liberos,
202 1151 391 1231 expientque
405 1148 533 1208 illorum
544 1161 645 1207 morte
657 1147 765 1228 fugam
777 1152 884 1230 patris.

99 1237 168 1312 rbi.
182 1237 375 1298 Convertens
388 1257 421 1298 se
435 1237 475 1297 ad
489 1234 665 1311 Priamum,
679 1237 792 1296 excitat
806 1236 935 1318 majores
950 1243 1099 1306 aflectus:

57 1349 108 1390 om
125 1341 167 1400 te,
186 1329 305 1409 iuquit,
322 1347 374 1408 per
389 1347 518 1409 superos,
538 1347 591 1409 per
601 1329 737 1386 Numina
753 1329 812 1386 ueri
827 1332 961 1390 conscia:
981 1347 1025 1392 est
1040 1333 1101 1395 hoc

60 1414 297 1497 amphibolum,
318 1429 401 1476 etex
420 1413 534 1476 techna
551 1416 753 1496 impostoris:
772 1419 935 1476 nonenim
954 1420 1104 1502 explicat,

59 1523 190 1578 verane,
201 1523 242 1562 an
253 1501 332 1562 falsa
341 1502 498 1578 dicturus3
511 1503 565 1564 sed
575 1515 696 1562 tantum
706 1515 838 1562 testatur
849 1506 876 1565 N
879 1508 984 1566 umine
993 1512 1105 1570 verita·

61 1592 244 1652 tiscouscie.
254 1592 329 1652 Haec
339 1593 471 1652 numine
481 1593 581 1651 Varro
590 1605 682 1651 vocat
691 1603 782 1651 certos
788 1594 878 1666 Deos,
891 1594 975 1674 quod
983 1597 1105 1658 Servius

62 1693 163 1739 notat.
178 1681 299 1761 Pergit3
314 1701 367 1740 oro
380 1695 405 1743 te
414 1702 467 1763 per
479 1679 596 1755 Fidem,
614 1683 638 1740 si
651 1701 715 1762 quse
727 1678 903 1761 adbuefides
916 1697 1014 1759 restat,
1033 1685 1107 1748 reli·

64 1781 201 1848 quaest,
216 1766 384 1830 mortalibus
396 1773 575 1830 intemerato,
590 1768 675 1845 Quid
690 1787 763 1826 vero
776 1768 932 1846 obsecrat,
945 1765 1004 1852 per
1017 1794 1107 1856 supe-

64 1877 130 1932 ros,
143 1877 202 1937 per
211 1857 363 1932 Numina,
377 1879 433 1939 per
443 1857 554 1917 fidem?
563 1859 699 1918 Miserere
710 1854 842 1916 laborum
852 1870 1013 1934 tantorum
1028 1866 1109 1923 mise·

65 1965 123 2004 mre
134 1943 360 2026 mumiferentis
375 1968 437 2006 non
453 1947 552 2028 dique.
570 1943 615 2005 Ad
629 1943 692 2004 hoc
707 1965 806 2006 unum
819 1959 867 2004 tot
878 1945 1109 2010 obtestationes.
1174 2007 1176 2012 .

67 2030 151 2108 Quid
168 2052 234 2092 non
248 2029 478 2115 consequetur?
495 2035 682 2115 praesertim,
702 2053 798 2113 quum
815 2047 938 2094 tantum
957 2051 1056 2116 petat,
1074 2051 1111 2098 ut

67 2121 130 2180 Rex
146 2133 272 2180 tueatur
286 2122 499 2184 innocentiam
516 2120 678 2182 laboribus
694 2139 895 2202 oppressam:
913 2121 985 2181 vide
1002 2127 1111 2201 etiam,

69 2223 103 2268 ut
112 2229 145 2268 se
155 2207 261 2268 obiter
270 2210 500 2291 impurissimus
509 2212 605 2270 Sinon
614 2207 812 2270 commendet
821 2229 838 2268 a
848 2208 1022 2289 lahorihuS,
1033 2234 1112 2294 quos

64 2296 177 2378 plures
190 2318 315 2378 passum
329 2299 368 2358 ab
382 2301 577 2373 innocentia;
592 2319 667 2358 nam
681 2296 811 2378 indigns
825 2299 953 2378 patitur.

112 2384 178 2462 145.
193 2387 327 2446 Videtur
338 2387 418 2447 mihi
433 2403 525 2471 poeta
537 2387 672 2448 voluisse
683 2387 871 2469 significare,
884 2402 1001 2469 quanta
1015 2393 1056 2452 sit
1070 2395 1115 2453 vis

72 2475 273 2557 eloquentiae,¹
290 2477 358 2556 ejus
372 2481 528 2560 praecipue
539 2480 654 2560 partis,
671 2499 741 2560 quae
753 2479 893 2538 consistit
905 2479 938 2538 in
950 2478 1115 2542 aflectibus

73 2563 256 2624 movendis:
272 2585 346 2624 nam
362 2580 433 2648 post
449 2566 602 2648 lacrymas
618 2567 758 2641 Sinonis,
773 2566 828 2647 qui
843 2567 985 2642 Graecus,
999 2589 1036 2628 ac
1049 2589 1118 2650 pen-

75 2653 145 2712 inde
160 2652 278 2728 hostis,
297 2669 434 2736 quatuor
447 2669 619 2738 sequuntur
631 2655 742 2736 digna,
754 2675 823 2735 quse
839 2657 1026 2716 consideres
1046 2661 1118 2717 Vita

76 2742 166 2804 datur
184 2743 233 2802 his
251 2742 412 2826 lacrymis3
434 2749 577 2808 Priamus
593 2744 684 2825 jubet
701 2742 827 2804 vincula
844 2743 955 2815 adimi3
975 2746 1119 2804 Graecum

76 2829 238 2892 hominem
254 2832 329 2894 facit
347 2855 440 2894 suum
457 2836 570 2908 civem3
589 2853 662 2893 cnm
676 2851 714 2892 eo
726 2832 883 2913 loquitur,
902 2844 937 2890 ut
952 2852 1025 2891 cum
1042 2847 1119 2892 noto

80 2924 191 2996 amico,
215 2935 247 2980 et
265 2918 305 2980 ah
325 2943 361 2982 eo
383 2920 489 2984 doceri
509 2921 578 2982 vult
592 2919 719 2982 technas
736 2923 934 2981 Graemrums
953 2923 989 2980 in
1006 2923 1120 3002 quibus

81 3030 199 3091 semper
208 3008 298 3070 favor
307 3014 432 3088 crescit,
443 3026 473 3072 et
483 3013 596 3093 gratia:
609 3031 758 3092 magnum
769 3011 909 3074 enimest
919 3012 998 3086 vita3
1008 3012 1122 3091 majus,

83 3171 128 3224 pra
144 3153 227 3218 dixit,
243 3153 341 3206 falsum
360 3157 409 3222 sit,
428 3174 481 3207 non
500 3174 579 3228 posse
623 3153 692 3206 hene
705 3156 785 3208 etiem
797 3156 902 3226 ignotos
914 3155 987 3206 tinxit
998 3157 1048 3207 sibi
1058 3155 1126 3208 libe-

83 3235 205 3303 navigare
215 3227 321 3284 Graecos
331 3271 340 3296 ,
352 3235 403 3286 nisi
415 3234 522 3286 homine
535 3237 581 3286 im·
625 3251 669 3284 ros
682 3245 708 3285 et
719 3248 858 3306 parentem
865 3255 872 3295 ;
884 3246 913 3283 ut
925 3235 1009 3302 major
1019 3236 1125 3286 misera·

84 3311 180 3364 molato
190 3334 197 3363 ι
208 3311 236 3362 id
247 3325 300 3378 est,
314 3316 440 3383 quiajam
450 3316 517 3366 scire
527 3333 581 3364 non
612 3349 615 3356 -
625 3314 663 3364 tio
672 3313 831 3383 expluribus
840 3324 1001 3364 nasceretur.
1010 3309 1126 3378 Quidam

85 3404 202 3462 poterat,
214 3393 279 3462 quid
289 3393 387 3444 facturi
395 3407 492 3460 essent,
499 3413 581 3466 quum
625 3411 689 3446 sane
698 3411 753 3444 non
762 3391 861 3455 dulces,
875 3391 923 3444 sed
934 3390 1048 3462 duplices
1056 3393 1127 3466 lege·

87 3473 140 3544 ipse
156 3474 284 3544 fugisset,
301 3485 329 3524 ut
343 3474 521 3543 Trojanorum
532 3476 583 3540 sit,
626 3475 703 3537 runt,
714 3474 779 3541 quia
785 3471 870 3523 dulces
877 3472 1012 3524 leneesset
1023 3485 1049 3526 et
1059 3493 1130 3526 com·

89 3552 218 3624 quidquid
227 3553 370 3624 elegerints
379 3565 406 3606 et
419 3555 482 3606 artis
493 3567 545 3618 est,
557 3556 584 3605 in
628 3570 708 3603 mune
723 3551 859 3623 epitheton
872 3551 1026 3606 liberorum.
1037 3557 1111 3609 Serv..

31 3689 32 3694 ,
89 3645 304 3706 argumentorum
323 3635 462 3706 sopistis,
479 3636 585 3686 incertis
670 3631 726 3697 148.
743 3632 907 3703 Quisquises,
923 3644 972 3684 ete.
983 3635 1057 3687 Licet
1069 3635 1131 3687 hos-

78 3715 126 3766 ,uti
136 3713 315 3766 sermonibus.
327 3713 396 3766 Seru.
632 3713 665 3762 tis
678 3713 727 3761 sis=
738 3721 765 3762 et
775 3710 858 3764 verba
870 3723 944 3776 sunt,
957 3726 986 3762 ut
1000 3711 1130 3766 hahemus

33 3813 35 3862 2
126 3791 588 3864 137.Amtquam.caram=etbene
633 3793 661 3843 in
674 3791 763 3857 Livio,
781 3792 950 3863 imperatoris
966 3796 1133 3867 transfugam

34 3865 35 3920 Ῐ
94 3885 281 3926 commemorat
288 3871 388 3926 liberos
398 3885 425 3924 et
436 3885 589 3943 parentem
634 3869 920 3940 recipientis‘ihlidem:
933 3873 1079 3944 «Quisquis
1090 3890 1132 3937 es,

94 3967 121 4004 ut
134 3952 275 4018 ostendet,
287 3970 315 4005 se
327 3971 384 4004 non
400 3952 591 4004 deseruissent
634 3962 725 4003 noster
736 3951 819 4002 eris»
835 3951 862 4003 S.
878 3951 945 4006 Vide
959 3955 1066 4006 Lucret.
1082 3951 1130 4007 lib.

36 4035 37 4061 ²
96 4031 182 4100 vilem,
196 4031 246 4086 sed
254 4032 355 4104 fugisse
367 4033 460 4086 mortis
472 4044 590 4086 terrore:
636 4033 685 4094 111;
698 4031 762 4083 Hor.
772 4029 857 4105 Epod.
870 4029 903 4083 11.
