2670 4596
330 285 414 346 »ιιι
439 283 673 376 muninus
697 285 789 350 mu
816 287 840 350 1.
1080 293 1118 358 as

79 409 146 471 illos
164 407 206 468 ad
224 408 485 490 perseverantiam
502 405 648 467 laborum
667 407 763 470 verbo
781 408 896 485 durate,
918 413 979 472 nisi
998 415 1124 478 adderet
1150 399 1153 409 ἶ

79 499 254 557 affuturam
269 491 393 554 tandem
407 493 604 569 felicitatem,
618 509 712 554 etres
724 493 885 556 secundas.
1049 541 1050 544 η

116 587 185 644 ιο8.
199 581 291 642 Talia
306 585 374 642 uoce
388 582 515 681 quidem
529 539 705 663 proierebat
718 586 841 659 AEneas3
833 581 912 644 ·sed
929 586 1015 646 aliud
1032 587 1125 651 habe-

81 674 130 732 bat
141 671 245 744 corde3
260 671 413 729 nimirum
425 667 554 729 dolorem
566 668 675 746 ιιίιιιιιι,
690 627 902 750 profundim.
919 672 1026 736 huuc
1018 691 1124 760 itaque

81 764 195 844 ιιιιιιιίιι
209 775 242 821 et
254 781 331 842 caper
341 763 416 819 curis
428 759 591 839 inpartibus
601 757 721 821 simulat
729 760 813 822 uultu
823 779 915 844 mem,
929 764 961 822 id
973 779 1034 842 est,
1046 765 1125 827 hila·

83 853 199 910 ritatem
206 869 301 950 ,qua
306 845 378 907 suos
393 846 507 907 milites
518 848 693 908 confirmat
708 850 842 910 Traduci
857 849 923 911 bac
938 869 1071 933 possunt
1086 857 1126 916 ad

83 959 180 998 mores
194 939 397 1042 principum,
416 939 472 1018 qui
486 955 567 1018 saepe
580 936 695 996 debent
708 937 798 997 vultu
812 939 952 1026 laetitiam
965 945 1126 1025 preferre,

9 1039 10 1046 ³
85 1029 173 1088 etiam
191 1030 219 1088 si
238 1027 349 1086 animo
363 1043 529 1087 moerorem
542 1025 698 1086 habeant:
718 1013 916 1108 quodquam
933 1051 1014 1112 saepe
1028 1053 1129 1095 neees-

85 1119 210 1194 sariam,
232 1137 395 1199 nusquam
413 1119 513 1197 magis
532 1135 629 1220 quam
648 1115 804 1176 inbelle:
827 1117 938 1178 accidit
957 1123 1043 1181 enim
1062 1145 1127 1184 non

86 1207 190 1282 semel,
208 1209 380 1266 exercitum
398 1225 497 1287 prope
515 1207 635 1265 victum
655 1205 694 1265 ad
714 1204 848 1286 gloriam
866 1209 1004 1270 victoriae
1021 1231 1127 1318 perve-

8 1305 10 1336 ι
87 1295 175 1368 nisse,
189 1295 239 1352 sui
255 1293 381 1352 solum'
373 1295 570 1374 imperatoris
585 1294 674 1352 vultu
686 1295 862 1352 excitatum.

123 1402 186 1442 aro.
211 1381 353 1442 Affectus
375 1383 514 1442 diversus
536 1383 646 1464 poesin
669 1395 774 1456 oruat;
796 1401 869 1463 ergo
893 1398 965 1466 post
985 1385 1128 1449 dolorem

87 1473 179 1532 AEneae
185 1471 358 1552 illiusque
368 1489 511 1530 animum
521 1471 755 1544 exacerbatum
766 1469 900 1531 militum
913 1477 1129 1557 promptitudo

87 1561 285 1622 induciturin
297 1561 531 1642 comparandis,
545 1576 615 1642 quae
627 1563 800 1622 necessaria
811 1564 933 1626 suntad
943 1565 1038 1625 cibos
1049 1567 1128 1629 Vide

87 1669 168 1724 varo,
189 1653 238 1710 uti
254 1647 388 1710 mirifice
403 1647 544 1708 studium
556 1648 686 1711 illorum
701 1649 858 1709 describat
864 1665 1090 1736 ,promptamq
1091 1677 1130 1715 ue

87 1755 206 1818 operam
229 1736 336 1797 vivide
353 1747 426 1796 ante
444 1735 551 1798 oculos
570 1749 778 1818 representet.
800 1738 908 1818 ltaque
921 1737 972 1798 lttt
986 1759 1016 1799 se
1027 1743 1132 1822 prada

8 1887 9 1892 ,
86 1829 255 1908 αιιίηιιιηι,
278 1845 340 1906 qua
361 1843 438 1885 voce
459 1817 618 1901 alacritas,
637 1825 808 1898 indicatum
827 1837 858 1884 et
872 1826 979 1906 saturas
994 1827 1131 1910 dapibus,

86 1935 247 1974 cervorum
262 1915 497 1996 diripiantcostis
511 1928 635 1996 terpora,
653 1915 808 1976 nudant
779 1934 900 1988 uiscera,
918 1915 1023 1993 idest,
1040 1919 1132 2000 quid-

87 2004 157 2085 quid
170 2006 317 2065 carnium
329 2003 447 2064 habent
460 2006 658 2064 intercutem
670 2017 701 2065 et
711 2023 790 2064 ossa.

123 2113 189 2152 ara.
205 2093 351 2172 Sequitur
365 2091 477 2158 divisio
492 2093 608 2155 laboris
619 2095 653 2152 in
666 2106 788 2174 partem
799 2092 1048 2173 quadruplicem.
1061 2099 1134 2156 Pars

86 2193 180 2240 secant
191 2201 303 2240 cervos
321 2183 353 2240 ιἰι
361 2181 474 2263 frusta,
485 2181 642 2264 fiquntque
655 2181 787 2254 verulam,
802 2182 920 2240 frustra
936 2181 988 2240 illa
1010 2195 1133 2244 tremen-

89 2275 140 2344 tia,
157 2272 189 2330 id
204 2283 266 2346 est,
283 2268 387 2329 adhuc
400 2271 609 2351 palpitantia:
626 2269 680 2330 atii
689 2269 793 2330 locant
805 2270 902 2330 abana
915 2273 948 2330 in
967 2269 1060 2350 litora,
1081 2277 1135 2332 mi-

88 2358 418 2440 nistrantqaeflammas.
431 2360 503 2435 Quo
515 2358 613 2434 iacto,
625 2359 774 2418 fruuntur
788 2356 894 2418 labore
904 2381 977 2434 su03
990 2379 1064 2418 nam
1079 2365 1135 2442 qui

88 2451 171 2529 prius
178 2449 254 2532 fessi
268 2467 361 2506 reram
368 2446 460 2526 ,jam
471 2465 555 2506 nunc
566 2449 643 2508 uicta
656 2449 729 2506 uires
739 2459 889 2522 revocant,
910 2461 1003 2528 atque
1018 2449 1060 2507 ita
1069 2450 1135 2530 fusi

8 2607 9 2612 ι
86 2557 135 2617 per
135 2536 269 2596 tertam
281 2534 371 2611 (vide
382 2533 595 2614 hilaritatem)
613 2533 770 2616 implentur
785 2533 897 2602 Bacchi
916 2537 1038 2616 (signat
1054 2537 1133 2596 meri

90 2629 228 2708 copiam,
247 2624 319 2684 ideo
331 2621 587 2705 signateuaaclu‘,
609 2644 675 2682 non
686 2623 773 2700 vini)
791 2619 950 2702 implentur
956 2624 1077 2704 fhrmre,
1100 2623 1133 2682 id

90 2727 145 2786 est,
165 2714 272 2773 carnia
291 2731 474 2773 cervorum:
497 2723 665 2792 utrumque
688 2730 762 2769 cum
786 2707 904 2788 elogi03
928 2729 1003 2768 nam
1023 2712 1135 2769 vinum

8 2795 9 2824 ³
89 2813 181 2874 vetas,
194 2801 407 2881 earopinqais.

130 2889 199 2948 216.
211 2889 327 2947 Omnia
339 2907 375 2946 ex
387 2887 518 2960 decaro‘,
532 2885 621 2964 cujus
633 2883 684 2944 hic
697 2895 783 2945 vates
797 2903 918 2964 semper
931 2886 1136 2944 retinentissi-

90 2997 168 3037 mus.
184 2978 221 3035 In
236 2975 381 3034 convivio
396 2973 529 3033 Didonis
541 2993 662 3056 magnae
675 2983 750 3034 sunt
763 2991 873 3047 murae,
885 2987 921 3032 ut
933 2971 1019 3054 quod
1033 2993 1136 3056 sump-

90 3080 157 3126 tum
170 3065 211 3124 ad
225 3063 426 3124 indicandam
439 3061 713 3144 magnificentiam.
726 3065 832 3146 Longe
845 3062 933 3122 aliter
946 3065 978 3122 iu
990 3062 1052 3123 hoc
1065 3085 1138 3122 con·

91 3155 208 3216 viriolo
216 3202 224 3232 ,
240 3170 276 3215 ut
286 3153 372 3237 quod
382 3169 502 3214 tantum
515 3153 555 3217 ad
567 3153 755 3236 reparandas
764 3157 843 3214 vires
854 3155 886 3212 in
898 3174 1021 3212 summo
1031 3173 1136 3214 rerum

8 3241 11 3262 ⁸
91 3243 288 3318 discrimine,
307 3242 379 3303 ideo
393 3243 546 3304 festinum
561 3255 591 3303 et
603 3264 838 3326 praeproperum
853 3241 932 3300 illud
944 3240 1015 3300 fuit.
1037 3240 1135 3320 Ergo,

90 3337 249 3416 Postquam
262 3333 361 3415 furtes
380 3347 511 3414 exempta
527 3346 573 3394 est
590 3331 695 3415 epulis,
715 3345 882 3414 postquam
901 3349 1006 3388 mensoe
1021 3343 1135 3392 nenotoe

127 3530 188 3582 208.
201 3529 281 3580 Curis.
295 3530 361 3580 Cura
371 3529 444 3582 dicta
456 3528 529 3601 quod
546 3547 592 3582 cor
637 3528 736 3579 bantur
750 3545 805 3577 non
822 3524 857 3577 ad
874 3523 1009 3576 elixandas
1025 3542 1134 3592 carnes,

92 3621 153 3662 urat
173 3630 179 3658 :
204 3608 321 3679 denique
343 3610 427 3680 paulo
450 3624 512 3680 post
533 3611 591 3662 ait:
638 3605 684 3658 sed
697 3605 731 3656 ad
743 3623 770 3656 se
781 3601 918 3656 lavandos.
931 3602 1050 3656 Heroiois
1066 3606 1136 3656 enim

93 3690 213 3740 «Premit
232 3687 316 3740 altum
335 3689 416 3742 corde
439 3688 590 3740 dolorem„
639 3683 804 3757 temporibus
823 3703 902 3738 carne
919 3703 974 3737 non
989 3686 1136 3738 vesceban-

89 3797 126 3810 -—
143 3767 231 3840 AEper.
250 3767 332 3840 AEqer
349 3780 389 3820 est
407 3781 434 3820 et
451 3769 549 3819 tristis.
569 3785 595 3826 aa
640 3779 684 3817 tur
692 3765 767 3816 elixa.
779 3760 846 3817 Hn'ic
858 3778 945 3818 autem
957 3767 1071 3831 nomini,
1082 3784 1136 3816 ma-

89 3847 161 3900 male
179 3847 289 3911 valens3
306 3859 415 3922 reprobes
432 3861 520 3901 autem
540 3866 596 3902 sive
638 3849 710 3916 joras
729 3847 918 3916 aspirationem
937 3843 1053 3910 dabant,
1075 3863 1137 3896 nam

92 3937 235 4001 aepmtans,
251 3940 356 3980 tantum
372 3928 441 3980 male
454 3927 554 3980 valens,
567 3929 593 3980 S.
640 3925 724 3978 ahena
734 3923 867 3976 dicabant.

129 4006 404 4060 armamentorum.
420 4007 523 4075 Quibus
540 4021 596 4059 ute·
678 4003 737 4056 216.
755 4007 895 4076 Postquam
912 4015 1030 4074 exempta
1041 4003 1134 4073 fairwu

943 4093 967 4145 3.
