2700 4586
224 282 263 346 56
552 277 933 344 couneurrnrr
961 247 963 251 ’

216 404 411 492 parenthesi,
421 399 479 460 hac
489 401 656 474 sententia3
667 403 795 482 quisquis
804 421 832 460 es
837 447 846 476 ,
858 421 957 482 perpe,
970 408 1028 460 ete.
1040 402 1109 462 Non
1120 400 1263 484 placenti

218 502 331 570 immo,
352 493 491 576 quisquis
505 511 551 564 es,
570 489 645 550 felix
659 510 708 564 es,
726 503 757 550 et
770 509 861 550 carus
874 491 1011 571 Superis,
1032 493 1086 572 qui
1098 491 1265 572 Cartbagi-

217 605 290 645 nem
304 581 479 654 adveneris,
493 579 714 638 tantummodo
729 597 821 659 perge
827 601 835 652 ;
854 592 886 638 et
899 577 975 638 hinc
990 593 1020 638 te
1037 577 1138 660 perfer
1153 580 1192 638 ad
1207 582 1266 640 Di·

218 673 308 732 donis
318 669 445 728 limina:
459 666 502 724 sic
512 665 595 724 enirn
606 663 732 724 videtur
741 665 840 744 magis
850 663 937 724 illius
947 685 1033 746 spem
1044 667 1170 747 erigere.
1180 665 1265 740 lllis,

153 754 159 760 ⁸
220 761 339 842 Tyrium
352 759 402 838 qui
414 753 560 814 adveneris
574 751 688 827 urbem,
703 754 794 813 unice
806 751 903 812 demit
916 755 1117 829 anxietatem,
1130 756 1266 836 putabat

218 848 335 930 quippe
347 846 410 926 ipse
423 862 456 901 se
468 839 585 900 deserta
598 840 710 900 Africae
723 861 905 923 peragrare:
920 843 1004 900 inest
1013 853 1160 923 praeterea
1169 846 1203 902 in
1212 841 1264 901 bis

215 935 322 995 verbis
333 933 429 1006 ratio,
447 950 503 990 cur
516 949 606 988 carus
621 930 660 988 sit
673 931 800 1012 superis.
820 929 919 1004 Dicit,
938 927 1007 989 irinc
1023 943 1048 990 te
1059 931 1166 1012 perfer,
1187 932 1264 1010 quia

215 1023 347 1084 fortasse
359 1019 412 1080 ille
425 1017 583 1098 cogitabat
596 1017 717 1098 regredi
731 1017 770 1076 ad
783 1037 875 1077 naves
887 1041 894 1076 :
908 1037 1006 1098 quum
1019 1018 1076 1094 ait,
1090 1017 1130 1077 ad
1141 1017 1261 1093 limina,

216 1113 343 1196 proprie
357 1110 514 1190 loquitur;
526 1128 591 1167 non
605 1107 690 1167 enim
703 1109 797 1167 sumit
807 1119 925 1188 partem
939 1127 997 1189 pro
1013 1119 1089 1166 toto.

258 1202 326 1282 390.
347 1199 555 1259 Laetissimum
568 1217 662 1278 supra
674 1195 846 1257 humanam
860 1195 954 1257 tidem
969 1195 1086 1271 reddit,
1105 1197 1262 1256 nuncians

219 1283 271 1354 eos
285 1311 349 1350 esse
360 1288 548 1370 incolumes,
563 1306 641 1367 quos
657 1287 722 1366 ipse
734 1284 847 1345 viderit
860 1297 952 1346 vento
967 1287 1099 1361 turbari,
1114 1276 1262 1351 fluctibus

122 1407 125 1410 ·
218 1381 333 1461 disjici.
352 1378 510 1442 Sententia
529 1375 682 1456 pendete
701 1375 861 1456 superiore
879 1397 991 1436 versu:
1010 1375 1141 1450 dixerat,
1161 1393 1263 1457 perpe,

215 1471 310 1553 perfer
323 1483 348 1530 te
362 1466 449 1527 hinc.-
469 1467 514 1523 ait
528 1485 625 1538 nunc;
645 1485 720 1523 nam
735 1464 779 1524 ibi
797 1467 912 1542 socios,
931 1477 961 1526 et
977 1465 1103 1526 classem
1120 1465 1262 1548 reperies.

214 1561 322 1640 Itaque
333 1566 528 1637 praeoccupat
539 1554 659 1628 Venus,
673 1553 758 1635 quod
773 1553 826 1614 ille
840 1551 972 1616 fortasse
984 1556 1115 1628 diceret,
1133 1551 1211 1612 velle
1226 1571 1260 1611 se

215 1643 318 1706 redire
330 1639 369 1700 ad
384 1639 566 1721 quarendos
579 1641 691 1700 socios.
712 1641 762 1702 Ait
775 1639 895 1702 classem
908 1655 1005 1702 actam
1019 1644 1051 1700 in
1065 1653 1155 1702 tutem
1167 1640 1261 1720 Aqui-

219 1729 346 1802 ionibus,
358 1729 432 1808 quie
441 1725 555 1808 Aquilo
566 1729 599 1786 in
609 1728 744 1789 Africam
755 1728 816 1791 fert
825 1730 885 1790 sibi
896 1731 1083 1812 oppositam.
1095 1727 1149 1788 Sed
1162 1747 1261 1806 quare

182 1893 183 1898 η
217 1817 321 1877 versis?
330 1813 363 1872 id
373 1825 432 1887 cst,
443 1811 555 1878 leniter
567 1813 632 1894 jam
651 1816 816 1892 flantibus,
826 1828 947 1877 tantum
959 1815 999 1876 ad
1009 1837 1145 1890 cursum,
1159 1833 1259 1894 quum

217 1906 303 1986 prius
311 1901 459 1960 atrociter
466 1902 635 1981 spirassent
644 1905 684 1970 ad
694 1906 829 1965 ruinam.
837 1906 963 1966 Servius
971 1905 1018 1966 sic
1027 1903 1169 1986 explicat:
1181 1904 1261 1985 Quia

215 2007 367 2076 postquam
378 1989 418 2048 ad
429 1991 565 2073 Africam
579 1994 633 2052 iter
643 2008 801 2069 verterunt,
815 1994 948 2055 adversus
956 2007 1025 2055 ante
1035 1989 1160 2076 Aquilo,
1176 1993 1263 2072 cepit

215 2103 277 2142 esse.
282 2081 451 2163 prosperior.
1016 2085 1032 2136 ,ζ
1064 2105 1066 2116 ·
1098 2145 1100 2150 ,
1248 2110 1250 2114 ·

255 2171 323 2250 392.
336 2170 483 2251 Superius
497 2173 680 2231 vaticinium
695 2173 892 2235 divinitatem
905 2171 1095 2246 declarabat3
1114 2166 1209 2252 quam
1224 2181 1261 2228 ut

215 2270 314 2338 tegatq
332 2277 398 2316 rem
417 2256 549 2335 conjicit
568 2260 608 2318 ad
630 2273 727 2321 artem
748 2261 933 2343 augurandi.
954 2260 1114 2322 Docebant
1129 2259 1260 2316 ‘Veteres

217 2348 325 2406 omnia
345 2365 457 2425 genera
474 2343 689 2406 doctrinarum
706 2369 779 2410 suos
796 2348 928 2424 liberos,
950 2348 1092 2430 inprimis
1109 2346 1260 2424 auguria:
1347 2415 1348 2418 Ἴ

218 2445 307 2493 erant
320 2431 374 2490 illa
390 2431 483 2505 falsa,
503 2445 533 2490 et
548 2434 669 2506 inania;
688 2435 742 2494 sed
759 2437 902 2515 parentes
920 2450 1025 2494 tamen
1046 2433 1133 2512 digni
1149 2430 1261 2506 laude,

216 2523 269 2605 qui
284 2541 350 2580 non
363 2515 506 2578 sinebant
519 2522 653 2578 otiosam
667 2537 730 2580 esse
741 2521 948 2602 juventutem.

257 2607 324 2688 393.
333 2607 460 2680 Firmat,
469 2605 553 2686 quod
562 2604 692 2684 dixerat,
703 2607 761 2668 hac
769 2610 937 2668 sententia:
949 2608 1049 2690 aspice
1058 2624 1170 2688 cycnos
1179 2603 1262 2666 duo·

217 2697 317 2757 decim
331 2693 515 2778 plaudentes
527 2705 556 2752 et
569 2693 781 2772 ludibundos,
789 2715 868 2779 quos
878 2694 999 2756 dudum
1012 2691 1118 2776 aquila
1128 2693 1261 2763 insecta·-

213 2785 321 2860 batur,
340 2781 499 2856 turbabat,
522 2779 668 2862 abigebat
687 2783 770 2844 alio:
789 2785 855 2865 jam
875 2782 1006 2843 abeunte
1022 2779 1258 2856 noscendum,

213 2886 345 2948 canunt,
360 2871 493 2931 redeunt
504 2871 537 2930 in
550 2873 694 2952 propria;
708 2872 794 2932 haud
807 2874 911 2948 aliter,
924 2886 979 2932 etc.
992 2871 1052 2930 Hic
1062 2867 1141 2928 mihi
1152 2867 1259 2950 aliqua

212 2961 385 3026 necessario
409 2958 609 3040 expendenda
639 2961 678 3020 ad
701 2963 831 3044 plenam
854 2961 1044 3022 sententiam
1063 2959 1256 3040 capiendam.

212 3058 353 3116 Laetantes
363 3062 514 3138 tanquam
526 3049 673 3126 victorcs3
697 3050 853 3133 significat
866 3052 968 3110 AEneae
981 3049 1080 3108 socios
1093 3060 1257 3130 tempesta·

212 3197 247 3252 do
265 3195 443 3271 ignorabant,
463 3211 524 3245 cum
541 3211 594 3265 quo
616 3194 710 3266 loque·
756 3194 897 3258 dicuntur,
918 3193 964 3262 qui
983 3187 1254 3261 periculaevadunt:

211 3290 318 3342 rentur,
338 3273 379 3326 vel
398 3289 480 3344 qaum
498 3274 618 3345 ignotum
638 3292 711 3326 com·
755 3276 823 3326 sicut
841 3275 926 3338 inira,
947 3293 960 3316 a
973 3273 1006 3322 Ut
1023 3267 1133 3322 reduces
1152 3267 1191 3320 illi
1212 3269 1255 3319 lu-

211 3359 355 3432 pellarent,
367 3354 415 3406 tali
427 3353 571 3405 utebantur
583 3354 708 3406 formula.
754 3353 836 3405 dunt:
849 3350 859 3400 i
879 3351 980 3405 scilicet
991 3348 1213 3420 post'periculum
1224 3349 1256 3400 il-

211 3465 246 3479 ·-
255 3434 343 3486 Haud.
358 3431 489 3503 Equidem
502 3444 607 3503 oportet
621 3445 646 3486 te
659 3433 709 3486 diis
754 3431 837 3484 latum
851 3431 884 3483 ab
898 3429 997 3502 aquila.
1011 3430 1082 3482 Servi

210 3514 513 3580 carumeste‚quoniam
522 3511 717 3586 Carthaginem
791 3511 1086 3581 assertionesque.
1096 3510 1199 3580 Gyenos
1208 3526 1255 3560 na·

209 3590 313 3645 veneris
324 3607 331 3636 ε
343 3587 401 3638 bec
410 3590 492 3642 verba
501 3593 620 3643 omnium
628 3609 711 3664 spon·
754 3591 831 3644 ribus
846 3604 999 3662 comparat,
1012 3589 1128 3662 aquilam
1139 3600 1255 3659 tempes-

212 3671 313 3726 dcbant
324 3666 469 3735 effectum,
485 3668 518 3722 de
533 3671 629 3741 quibus
645 3692 710 3724 con·
754 3675 810 3725 tati.
832 3675 862 3726 In
884 3674 1002 3744 auguriis
1022 3684 1109 3724 autem
1128 3669 1254 3722 conside-

212 3761 319 3824 questus
337 3746 483 3798 eracliam
497 3752 710 3804 etnotitiameui
753 3749 843 3806 rande
862 3765 924 3807 sunt
938 3771 993 3806 non
1010 3751 1095 3804 solum
1111 3767 1189 3814 aves,
1205 3751 1254 3802 sed

212 3842 239 3884 et
260 3823 441 3878 celebritatem
464 3835 491 3875 et
516 3824 708 3884 humanitatem
753 3834 833 3886 etiam
846 3833 967 3900 volatus,
983 3844 1012 3884 ut
1030 3831 1058 3881 in
1074 3827 1252 3899 praepetibus:

213 3905 362 3982 ΡῠῙῙίῡθΝῖ·
376 3903 471 3954 Dm&
752 3924 778 3966 et
794 3926 904 3978 cantus,
920 3926 950 3964 ut
967 3913 996 3966 in
1013 3907 1169 3961 oscinibus:
1188 3909 1252 3978 quia

247 3989 308 4058 390·
325 3980 443 4035 deduces·
462 3981 582 4039 Redutes
598 3991 706 4060 proprie
751 3993 918 4058 perennes,
930 4007 980 4045 nec
991 3987 1115 4054 omnibus
1128 3985 1193 4040 dant
1203 4005 1249 4039 au-
