2646 4606
224 337 287 421 aas
551 336 931 404 conmeantum

223 475 269 522 est
285 463 514 522 circumstantia
529 460 703 542 religionis,
724 474 756 522 et
770 459 1027 541 magnificentiae:
1049 462 1220 546 religionis
1233 465 1268 526 ab

223 549 314 622 lucis3
327 549 566 630 magnificentia
576 551 614 609 ab
626 571 716 624 auro,
730 570 792 630 quo
805 551 911 609 omnia
924 548 1267 628 illustrabantur3-ideo

224 638 305 697 dixit
318 653 507 713 aureatecta3
521 642 553 699 in
568 641 707 699 Deorum
722 639 806 698 enirn
821 639 962 720 templis,
976 639 1055 721 quid
1071 655 1108 702 tu
1126 641 1218 704 aliud
1228 665 1268 704 ex·

222 741 355 806 spectes,
367 742 479 809 praeter
491 727 674 810 religionem
689 741 721 786 et
735 725 922 807 magnificen
928 726 1020 786 tiam?

264 812 309 890 14.
325 815 508 898 Aggreditur
519 834 658 890 narrare,
676 828 706 874 et
722 835 793 874 vere
809 807 1042 896 narrat'templi
1060 813 1163 897 hujus
1180 819 1268 899 origi·

221 923 303 962 nem.
324 905 577 988 Pasiphaellegis
591 905 709 964 Minois
722 925 799 965 uxor
812 918 936 964 taurum
950 903 1104 986 deperiit;
1124 907 1269 968 Daedalus

220 989 358 1070 ligneam
368 1013 495 1054 vaccam
506 995 707 1074 excogitavit,
715 993 769 1051 ubi
781 992 833 1051 illa
844 993 966 1052 inclusa
975 993 1269 1076 taurojungeretur.

220 1079 325 1140 Minos
337 1101 401 1140 rem
414 1084 582 1163 comperit;
596 1081 759 1142 hominem
769 1083 802 1140 in
811 1081 939 1141 vincula·
948 1082 1099 1162 conjecit3
1113 1083 1171 1143 ille
1182 1085 1270 1144 elabi·

222 1181 288 1245 tur,
301 1173 416 1252 aptatis
430 1170 489 1232 sibi
502 1187 532 1232 et
546 1173 634 1231 Icaro
646 1169 713 1230 filio
727 1171 794 1229 alis.
814 1171 870 1229 Res
884 1173 1044 1252 tuta'patri
1058 1174 1198 1250 accidit,
1210 1174 1270 1232 filio

221 1277 287 1319 non
302 1261 395 1320 item:
414 1283 487 1342 ergo
504 1274 592 1344 pater
609 1260 716 1320 volatu
733 1259 773 1320 ad
790 1259 901 1319 Cumas
916 1260 1055 1342 appulit,
1074 1263 1207 1322 Cretam
1225 1262 1269 1322 fu·

222 1348 323 1427 giens;
339 1349 409 1410 ideo
424 1349 467 1410 ibi
481 1350 635 1432 templum
648 1349 825 1422 constituit,
837 1352 1025 1409 consecratis
1039 1350 1097 1410 alis
1111 1353 1146 1411 in
1160 1373 1272 1412 memo

222 1437 301 1496 riam
320 1439 409 1514 faeti,
428 1454 460 1500 et
477 1438 631 1500 honorem
650 1437 813 1520 Apollinis.
833 1440 975 1520 Praepetes
990 1460 1112 1521 pennae,
1134 1453 1213 1500 sunt
1226 1439 1271 1498 vel

220 1527 420 1606 praeveloceS,
435 1538 464 1589 et
476 1527 660 1602 celerrimae3
679 1525 728 1586 vel
742 1523 874 1608 patulae,
893 1540 924 1586 et
935 1517 1134 1610 exporrect'ae.
1156 1528 1271 1590 Credere

221 1635 250 1673 se
263 1615 349 1692 eaelo,
367 1619 470 1694 idest,
485 1620 558 1678 aeri.
577 1621 640 1678 Not
650 1615 690 1676 od
700 1617 816 1690 Arctos,
832 1616 935 1692 idest,
951 1615 991 1676 ad
1006 1619 1270 1700 septemtrionem

218 1701 365 1780 Daedalus
378 1697 414 1765 ex
427 1726 549 1766 summa
561 1705 743 1788 prudentia;
755 1726 830 1764 nam
839 1702 905 1766 haec
915 1727 987 1788 pars
998 1707 1083 1766 orbis
1094 1705 1202 1788 gelida
1214 1722 1271 1782 est,

221 1791 351 1852 timebat
362 1815 451 1868 vero,
465 1816 504 1854 ne
515 1795 573 1855 alae
583 1805 756 1876 compacta
767 1814 837 1854 cera
848 1793 1044 1860 solverentur
1058 1795 1136 1856 solis
1148 1797 1269 1856 ardore.

221 1879 388 1960 Remigium
400 1880 530 1955 aterum,
546 1896 620 1940 sunt
634 1885 709 1962 ipsae
725 1883 782 1940 alae
797 1884 994 1962 remigantes.

262 1983 309 2023 ao.
323 1967 468 2048 Sequitur
480 1988 604 2028 amoena
615 1966 782 2048 descriptio
795 1987 914 2042 rerum,
929 1989 999 2049 quae
1010 1970 1044 2028 in
1060 1968 1186 2032 foribus
1201 1987 1272 2033 tem·

220 2052 265 2136 pli
283 2055 445 2138 insculpta
463 2070 560 2117 erant.
579 2057 626 2115 Ex
643 2055 756 2116 decoro
774 2071 877 2116 autem
899 2077 947 2116 res
964 2057 1103 2120 Creticas
1118 2061 1271 2136 celebrat,

220 2143 305 2204 unde
317 2148 418 2227 prima
431 2146 621 2208 incunabula
633 2145 814 2206 exstiterunt
828 2148 927 2228 gentis
940 2149 1100 2228 Trojanae,
1121 2165 1153 2211 et
1168 2173 1272 2212 narra-

220 2236 266 2295 tio
286 2251 394 2297 contra
414 2239 537 2299 Graecos
556 2235 715 2317 dirigitur,
734 2249 769 2295 ut
787 2235 887 2316 Trojae
905 2257 1078 2299 eversores:
1098 2241 1216 2322 incipit
1234 2239 1271 2300 ab

220 2325 405 2407 Androgeo:
425 2327 485 2387 fuit
503 2325 555 2387 hic
571 2325 686 2384 Minois
706 2324 806 2384 filius:
827 2325 1048 2389 interfecerunt
1068 2329 1164 2388 illum
1182 2329 1273 2390 Athe·

220 2413 354 2488 nienses.
374 2415 478 2474 Minos
498 2416 530 2473 in
549 2413 620 2473 illos
638 2434 724 2472 arma
742 2415 910 2487 convertit3
930 2415 1022 2490 vicit,
1041 2413 1220 2498 jussitque,
1240 2431 1273 2477 ut

222 2505 391 2578 quotannis
412 2503 586 2585 praeberent
607 2501 848 2582 quatuordecim
866 2523 1000 2584 corpora
1019 2503 1272 2566 adolescentium

222 2586 402 2650 devoranda
422 2613 439 2652 a
456 2591 649 2651 Minotauro.
672 2591 754 2670 Ergo
776 2590 821 2649 ibi
841 2589 979 2672 sculptus
1001 2606 1066 2650 erat
1086 2585 1271 2674 Androgeos

222 2692 322 2738 morte
335 2679 482 2754 affectum
495 2680 538 2740 ibi
551 2678 750 2739 Athenienses
763 2679 916 2740 solventes
928 2700 1053 2760 poenam
1068 2702 1130 2763 pro
1144 2683 1272 2756 scelere3

214 2767 267 2828 ibi
279 2791 373 2842 urnet
386 2770 523 2832 sortibus
538 2771 622 2830 enim
635 2771 738 2829 miseri
751 2768 789 2828 ad
802 2771 997 2856 suppbcium
1011 2771 1108 2830 ibant.
1125 2775 1196 2834 Stat
1205 2773 1272 2835 due·-

222 2859 257 2918 tis
269 2860 391 2921 sortibus
406 2881 494 2933 unta,
517 2859 636 2920 dictum
651 2871 695 2918 est
710 2856 767 2918 hac
784 2861 954 2919 sententia:
971 2858 1093 2942 sculpta
1111 2875 1159 2920 est
1178 2883 1271 2936 urna,

221 2960 252 3006 et
263 2969 328 3019 una
339 2963 451 3022 sorteS,
467 2969 537 3030 quaa
550 2945 754 3008 ducebantur.
775 2947 902 3023 Maluit,
916 2962 1068 3023 natorum,
1084 2969 1184 3029 quam
1200 2949 1271 3010 ado-

221 3033 418 3110 lescentium,
431 3035 470 3095 ad
487 3035 681 3096 excitandam
695 3037 1021 3096 commiserationem:
1037 3033 1111 3096 inde
1124 3049 1155 3100 et
1168 3039 1204 3096 i'n
1219 3060 1272 3119 pa·

222 3123 373 3200 renthesi,
384 3128 533 3200 miserum,
546 3127 600 3184 ubi
611 3125 702 3186 debes
714 3125 834 3184 facinus
845 3122 1015 3198 subaudi-re
1027 3149 1033 3184 z
1049 3123 1124 3183 inde
1134 3146 1272 3207 corpora,

223 3232 322 3292 quum
336 3233 375 3272 ne
389 3213 528 3294 reliquiae
542 3213 668 3295 quidem
683 3225 878 3295 superessent
892 3211 932 3271 ad
945 3213 1115 3272 tumulum.

260 3335 299 3402 14.
320 3335 450 3390 Dentatus.
470 3337 598 3389 Fabulam
618 3335 720 3389 Daedali
764 3339 906 3399 ,Horatium
920 3337 1051 3390 «Finibus
1060 3336 1155 3388 Atticis
1163 3336 1271 3390 Reddas

222 3413 303 3465 tradit
314 3416 392 3467 ovid.
405 3417 514 3468 Metam.
526 3418 586 3468 Vlll
594 3456 600 3480 ,
617 3418 681 3482 182,
694 3427 720 3467 et
764 3416 925 3469 incolumem
937 3434 1043 3487 precor:
1058 3439 1069 3462 n
1088 3414 1132 3466 Sic
1148 3415 1208 3468 Cic.
1222 3435 1269 3488 pro

221 3510 296 3562 seqq.
307 3493 351 3545 Sil.
363 3495 421 3546 ltal.
434 3497 480 3548 lib.
489 3498 553 3562 Xll;
565 3496 659 3549 alludit
667 3497 720 3547 llo·
764 3497 857 3548 Milon.
872 3515 931 3568 cap.
942 3495 985 3562 34.
999 3496 1076 3568 «Ego
1091 3514 1177 3566 quum
1187 3509 1214 3549 te
1226 3517 1270 3568 pa·

220 3584 270 3623 rat.
285 3573 336 3624 Od.
350 3576 377 3638 1,
395 3577 428 3627 3:
445 3579 595 3648 «Expertus
607 3595 721 3629 vacuum
765 3578 821 3627 tria
841 3574 1025 3629 reddidissem.
1044 3597 1055 3622 s
1078 3574 1202 3626 Verbum
1220 3575 1269 3627 boc

221 3650 345 3703 Daedalus
355 3671 425 3705 aera.
433 3685 468 3700 «-
477 3659 511 3708 Ut
514 3658 593 3730 fama
604 3669 647 3710 est.
656 3657 721 3724 Quae
766 3655 912 3729 respondet
923 3653 1088 3726 precedenti
1097 3655 1209 3706 credere.

224 3728 392 3783 admirabilia
400 3747 460 3786 sunt
473 3749 615 3810 etmagna,
625 3750 652 3789 et
663 3755 721 3808 quae
802 3754 845 3788 ao.
853 3737 944 3788 Letum
953 3734 1101 3808 Androgeo.
1116 3733 1269 3787 Secundum

222 3820 336 3877 possunt
345 3808 424 3862 fidem
437 3815 579 3882 excedere,
590 3816 667 3868 famae
679 3833 722 3866 so·
764 3813 879 3868 Atticam
893 3814 1009 3888 linguam
1028 3815 1169 3886 genitivus
1181 3817 1268 3886 singu-

223 3887 261 3937 let
272 3886 397 3958 Virgilius
409 3891 567 3947 adscribere.
764 3894 827 3946 laris
843 3895 949 3947 Graecus
966 3907 1021 3956 est;
1040 3911 1125 3964 quum
1141 3894 1202 3964 ipse
1225 3893 1269 3944 ali-

263 3969 302 4021 18.
319 3969 441 4023 Redditus
457 3964 495 4026 bis
507 3975 622 4046 primam
642 3975 719 4028 terris.
764 3973 809 4041 bi,
821 3973 952 4046 Androgei
961 3971 1086 4044 galeam:
1101 3971 1216 4043 quidam
1230 3985 1269 4024 tar

222 4046 308 4113 Quasi
316 4045 349 4101 de
360 4047 446 4103 alieno
455 4051 585 4107 elemento
596 4053 623 4104 in
634 4071 719 4108 suum.
765 4072 826 4108 men
837 4053 881 4106 bio
891 4049 1056 4121 subaudiunt
1061 4051 1159 4122 posuit.
