<?xml version="1.0" encoding="UTF-8"?>
<!DOCTYPE html PUBLIC "-//W3C//DTD XHTML 1.0 Transitional//EN"
    "http://www.w3.org/TR/xhtml1/DTD/xhtml1-transitional.dtd">
<html xmlns="http://www.w3.org/1999/xhtml" xml:lang="en" lang="en">
 <head>
  <title>
</title>
<meta http-equiv="Content-Type" content="text/html;charset=utf-8" />
  <meta name='ocr-system' content='tesseract 3.04.00' />
  <meta name='ocr-capabilities' content='ocr_page ocr_carea ocr_par ocr_line ocrx_word'/>
</head>
<body>
  <div class='ocr_page' id='page_1' title='image "./pvirgiliusmaroq02barbgoog_0213.png"; bbox 0 0 2692 4594; ppageno 0'>
   <div class='ocr_carea' id='block_1_1' title="bbox 339 283 1121 386">
    <p class='ocr_par' dir='ltr' id='par_1_1' title="bbox 339 235 1121 386">
     <span class='ocr_line' id='line_1_1' title="bbox 339 283 1121 386; baseline 0.018 -36"><span class='ocrx_word' id='word_1_1' title='bbox 339 286 868 356; x_wconf 85' lang='lat' dir='ltr'><strong>INAENEIDOSLIB.III.</strong></span> <span class='ocrx_word' id='word_1_2' title='bbox 963 283 965 288; x_wconf 37' lang='lat'><strong>¹</strong></span> <span class='ocrx_word' id='word_1_3' title='bbox 1063 299 1121 386; x_wconf 84' lang='lat'>167</span> 
     </span>
    </p>
   </div>
   <div class='ocr_carea' id='block_1_2' title="bbox 4 409 1194 2721">
    <p class='ocr_par' dir='ltr' id='par_1_2' title="bbox 4 409 1122 585">
     <span class='ocr_line' id='line_1_2' title="bbox 81 409 1122 498; baseline 0.008 -25"><span class='ocrx_word' id='word_1_4' title='bbox 81 413 149 473; x_wconf 81' lang='lat' dir='ltr'>vult</span> <span class='ocrx_word' id='word_1_5' title='bbox 167 409 317 494; x_wconf 87' lang='lat' dir='ltr'>perficere</span> <span class='ocrx_word' id='word_1_6' title='bbox 334 411 428 470; x_wconf 82' lang='lat' dir='ltr'>matri</span> <span class='ocrx_word' id='word_1_7' title='bbox 447 411 574 486; x_wconf 89' lang='lat' dir='ltr'>Veneri,</span> <span class='ocrx_word' id='word_1_8' title='bbox 592 412 681 472; x_wconf 83' lang='lat' dir='ltr'>Divis</span> <span class='ocrx_word' id='word_1_9' title='bbox 704 411 788 488; x_wconf 82' lang='lat' dir='ltr'>aliis,</span> <span class='ocrx_word' id='word_1_10' title='bbox 806 416 878 474; x_wconf 86' lang='lat' dir='ltr'>Jovi</span> <span class='ocrx_word' id='word_1_11' title='bbox 896 416 1054 498; x_wconf 87' lang='lat' dir='ltr'>inprimis,</span> <span class='ocrx_word' id='word_1_12' title='bbox 1073 423 1122 481; x_wconf 89' lang='lat' dir='ltr'>cui</span> 
     </span>
     <span class='ocr_line' id='line_1_3' title="bbox 4 501 905 585; baseline -0.002 -19"><span class='ocrx_word' id='word_1_13' title='bbox 4 537 6 566; x_wconf 79' lang='lat' dir='ltr'>t</span> <span class='ocrx_word' id='word_1_14' title='bbox 78 504 148 564; x_wconf 87' lang='lat' dir='ltr'>vult</span> <span class='ocrx_word' id='word_1_15' title='bbox 160 516 298 562; x_wconf 78' lang='lat' dir='ltr'>mactare</span> <span class='ocrx_word' id='word_1_16' title='bbox 310 513 435 562; x_wconf 85' lang='lat' dir='ltr'>taurum</span> <span class='ocrx_word' id='word_1_17' title='bbox 446 501 614 576; x_wconf 78' lang='lat' dir='ltr'>nitentem,</span> <span class='ocrx_word' id='word_1_18' title='bbox 627 501 659 560; x_wconf 92' lang='lat' dir='ltr'>id</span> <span class='ocrx_word' id='word_1_19' title='bbox 673 517 733 577; x_wconf 90' lang='lat' dir='ltr'>est,</span> <span class='ocrx_word' id='word_1_20' title='bbox 746 505 905 585; x_wconf 76' lang='lat' dir='ltr'>pinguem.</span> 
     </span>
    </p>

    <p class='ocr_par' dir='ltr' id='par_1_3' title="bbox 75 589 1124 1028">
     <span class='ocr_line' id='line_1_4' title="bbox 118 589 1122 674; baseline 0.006 -22"><span class='ocrx_word' id='word_1_21' title='bbox 118 611 168 652; x_wconf 62' lang='grc' dir='ltr'>απ.</span> <span class='ocrx_word' id='word_1_22' title='bbox 184 595 226 653; x_wconf 91' lang='lat' dir='ltr'>Ut</span> <span class='ocrx_word' id='word_1_23' title='bbox 242 589 295 650; x_wconf 89' lang='lat' dir='ltr'>det</span> <span class='ocrx_word' id='word_1_24' title='bbox 313 591 508 653; x_wconf 74' lang='lat' dir='ltr'>occasionem</span> <span class='ocrx_word' id='word_1_25' title='bbox 525 593 662 670; x_wconf 83' lang='lat' dir='ltr'>sequenti</span> <span class='ocrx_word' id='word_1_26' title='bbox 679 592 839 674; x_wconf 86' lang='lat' dir='ltr'>prodigio,</span> <span class='ocrx_word' id='word_1_27' title='bbox 859 593 978 656; x_wconf 86' lang='lat' dir='ltr'>inducit</span> <span class='ocrx_word' id='word_1_28' title='bbox 995 599 1122 658; x_wconf 82' lang='lat' dir='ltr'>AEnenm</span> 
     </span>
     <span class='ocr_line' id='line_1_5' title="bbox 78 677 1124 767; baseline 0.006 -25"><span class='ocrx_word' id='word_1_29' title='bbox 78 681 279 742; x_wconf 81' lang='lat' dir='ltr'>accedentem</span> <span class='ocrx_word' id='word_1_30' title='bbox 289 680 329 740; x_wconf 83' lang='lat' dir='ltr'>ad</span> <span class='ocrx_word' id='word_1_31' title='bbox 339 679 511 754; x_wconf 88' lang='lat' dir='ltr'>tumulum,</span> <span class='ocrx_word' id='word_1_32' title='bbox 527 677 581 738; x_wconf 91' lang='lat' dir='ltr'>ubi</span> <span class='ocrx_word' id='word_1_33' title='bbox 591 695 665 740; x_wconf 83' lang='lat' dir='ltr'>nata</span> <span class='ocrx_word' id='word_1_34' title='bbox 677 681 802 764; x_wconf 81' lang='lat' dir='ltr'>virpul&#39;ta</span> <span class='ocrx_word' id='word_1_35' title='bbox 814 705 933 758; x_wconf 85' lang='lat' dir='ltr'>cornea,</span> <span class='ocrx_word' id='word_1_36' title='bbox 948 687 1002 746; x_wconf 91' lang='lat' dir='ltr'>ubi</span> <span class='ocrx_word' id='word_1_37' title='bbox 1015 701 1124 767; x_wconf 82' lang='lat' dir='ltr'>myrtus</span> 
     </span>
     <span class='ocr_line' id='line_1_6' title="bbox 80 767 1124 856; baseline 0.007 -26"><span class='ocrx_word' id='word_1_38' title='bbox 80 769 200 832; x_wconf 76' lang='lat' dir='ltr'>horrens</span> <span class='ocrx_word' id='word_1_39' title='bbox 211 767 381 832; x_wconf 74' lang='lat' dir='ltr'>hastilibus:</span> <span class='ocrx_word' id='word_1_40' title='bbox 396 782 460 830; x_wconf 81' lang='lat' dir='ltr'>tam</span> <span class='ocrx_word' id='word_1_41' title='bbox 473 790 566 831; x_wconf 83' lang='lat' dir='ltr'>corus</span> <span class='ocrx_word' id='word_1_42' title='bbox 584 791 678 851; x_wconf 82' lang='lat' dir='ltr'>quarn</span> <span class='ocrx_word' id='word_1_43' title='bbox 691 785 845 854; x_wconf 86' lang='lat' dir='ltr'>myrtum,</span> <span class='ocrx_word' id='word_1_44' title='bbox 857 789 948 834; x_wconf 78' lang='lat' dir='ltr'>vocet</span> <span class='ocrx_word' id='word_1_45' title='bbox 958 774 1068 856; x_wconf 77' lang='lat' dir='ltr'>sylvam</span> <span class='ocrx_word' id='word_1_46' title='bbox 1082 780 1124 838; x_wconf 85' lang='lat' dir='ltr'>ui-</span> 
     </span>
     <span class='ocr_line' id='line_1_7' title="bbox 81 859 1124 947; baseline 0.007 -28"><span class='ocrx_word' id='word_1_47' title='bbox 81 859 182 920; x_wconf 82' lang='lat' dir='ltr'>ridem.</span> <span class='ocrx_word' id='word_1_48' title='bbox 197 862 287 920; x_wconf 84' lang='lat' dir='ltr'>Hanc</span> <span class='ocrx_word' id='word_1_49' title='bbox 303 859 401 920; x_wconf 87' lang='lat' dir='ltr'>voluit</span> <span class='ocrx_word' id='word_1_50' title='bbox 415 859 588 920; x_wconf 89' lang='lat' dir='ltr'>convellere</span> <span class='ocrx_word' id='word_1_51' title='bbox 602 881 638 920; x_wconf 89' lang='lat' dir='ltr'>eo</span> <span class='ocrx_word' id='word_1_52' title='bbox 652 860 800 938; x_wconf 90' lang='lat' dir='ltr'>consilio,</span> <span class='ocrx_word' id='word_1_53' title='bbox 812 877 847 922; x_wconf 91' lang='lat' dir='ltr'>ut</span> <span class='ocrx_word' id='word_1_54' title='bbox 857 865 1028 924; x_wconf 76' lang='lat' dir='ltr'>remiseras</span> <span class='ocrx_word' id='word_1_55' title='bbox 1040 879 1124 947; x_wconf 81' lang='lat' dir='ltr'>tege·</span> 
     </span>
     <span class='ocr_line' id='line_1_8' title="bbox 75 947 767 1028; baseline 0.003 -20"><span class='ocrx_word' id='word_1_56' title='bbox 75 961 125 1008; x_wconf 86' lang='lat' dir='ltr'>-ret</span> <span class='ocrx_word' id='word_1_57' title='bbox 136 947 177 1008; x_wconf 83' lang='lat' dir='ltr'>sd</span> <span class='ocrx_word' id='word_1_58' title='bbox 189 948 373 1028; x_wconf 85' lang='lat' dir='ltr'>dignitatem</span> <span class='ocrx_word' id='word_1_59' title='bbox 387 963 418 1008; x_wconf 88' lang='lat' dir='ltr'>et</span> <span class='ocrx_word' id='word_1_60' title='bbox 430 947 585 1009; x_wconf 87' lang='lat' dir='ltr'>bonorem</span> <span class='ocrx_word' id='word_1_61' title='bbox 599 969 767 1010; x_wconf 80' lang='lat' dir='ltr'>sacrorum.</span> 
     </span>
    </p>

    <p class='ocr_par' dir='ltr' id='par_1_4' title="bbox 77 1037 1194 1916">
     <span class='ocr_line' id='line_1_9' title="bbox 120 1037 1125 1119; baseline 0.002 -22"><span class='ocrx_word' id='word_1_62' title='bbox 120 1040 169 1100; x_wconf 83' lang='lat'>26.</span> <span class='ocrx_word' id='word_1_63' title='bbox 185 1039 356 1119; x_wconf 83' lang='lat' dir='ltr'>Compnrst</span> <span class='ocrx_word' id='word_1_64' title='bbox 366 1039 512 1098; x_wconf 87' lang='lat' dir='ltr'>lectorem</span> <span class='ocrx_word' id='word_1_65' title='bbox 526 1037 565 1096; x_wconf 84' lang='lat' dir='ltr'>ad</span> <span class='ocrx_word' id='word_1_66' title='bbox 577 1037 757 1118; x_wconf 88' lang='lat' dir='ltr'>prodigium</span> <span class='ocrx_word' id='word_1_67' title='bbox 766 1039 903 1096; x_wconf 85' lang='lat' dir='ltr'>carmine</span> <span class='ocrx_word' id='word_1_68' title='bbox 911 1039 1004 1119; x_wconf 91' lang='lat' dir='ltr'>pleno</span> <span class='ocrx_word' id='word_1_69' title='bbox 1017 1039 1125 1100; x_wconf 92' lang='lat' dir='ltr'>horro-</span> 
     </span>
     <span class='ocr_line' id='line_1_10' title="bbox 77 1125 1125 1208; baseline -0.001 -21"><span class='ocrx_word' id='word_1_70' title='bbox 77 1130 133 1188; x_wconf 85' lang='lat' dir='ltr'>ris.</span> <span class='ocrx_word' id='word_1_71' title='bbox 146 1128 195 1186; x_wconf 90' lang='lat' dir='ltr'>En</span> <span class='ocrx_word' id='word_1_72' title='bbox 208 1127 406 1208; x_wconf 87' lang='lat' dir='ltr'>prodigium:</span> <span class='ocrx_word' id='word_1_73' title='bbox 422 1127 528 1188; x_wconf 89' lang='lat' dir='ltr'>evulso</span> <span class='ocrx_word' id='word_1_74' title='bbox 543 1127 627 1186; x_wconf 90' lang='lat' dir='ltr'>enim</span> <span class='ocrx_word' id='word_1_75' title='bbox 642 1128 745 1206; x_wconf 91' lang='lat' dir='ltr'>primo</span> <span class='ocrx_word' id='word_1_76' title='bbox 758 1125 909 1205; x_wconf 85' lang='lat' dir='ltr'>virgulto,</span> <span class='ocrx_word' id='word_1_77' title='bbox 926 1128 969 1188; x_wconf 91' lang='lat' dir='ltr'>sic</span> <span class='ocrx_word' id='word_1_78' title='bbox 985 1128 1125 1188; x_wconf 79' lang='lat' dir='ltr'>arborem</span> 
     </span>
     <span class='ocr_line' id='line_1_11' title="bbox 78 1215 1126 1295; baseline 0 -19"><span class='ocrx_word' id='word_1_79' title='bbox 78 1229 171 1276; x_wconf 80' lang='lat' dir='ltr'>vocat</span> <span class='ocrx_word' id='word_1_80' title='bbox 183 1215 223 1275; x_wconf 78' lang='lat' dir='ltr'>ed</span> <span class='ocrx_word' id='word_1_81' title='bbox 234 1217 356 1292; x_wconf 73' lang='grc' dir='ltr'><strong>αὔξησιν,</strong></span> <span class='ocrx_word' id='word_1_82' title='bbox 367 1231 398 1274; x_wconf 86' lang='lat' dir='ltr'>et</span> <span class='ocrx_word' id='word_1_83' title='bbox 407 1216 513 1273; x_wconf 77' lang='lat' dir='ltr'>fractis</span> <span class='ocrx_word' id='word_1_84' title='bbox 523 1215 697 1287; x_wconf 81' lang='lat' dir='ltr'>radicibus,</span> <span class='ocrx_word' id='word_1_85' title='bbox 708 1216 868 1294; x_wconf 79' lang='lat' dir='ltr'>sanguinis</span> <span class='ocrx_word' id='word_1_86' title='bbox 878 1217 937 1274; x_wconf 84' lang='lat' dir='ltr'>atri</span> <span class='ocrx_word' id='word_1_87' title='bbox 951 1229 1043 1295; x_wconf 82' lang='lat' dir='ltr'>guttae</span> <span class='ocrx_word' id='word_1_88' title='bbox 1054 1217 1126 1278; x_wconf 89' lang='lat' dir='ltr'>inde</span> 
     </span>
     <span class='ocr_line' id='line_1_12' title="bbox 80 1301 1125 1385; baseline -0.003 -20"><span class='ocrx_word' id='word_1_89' title='bbox 80 1305 284 1378; x_wconf 80' lang='lat' dir='ltr'>exstiterunt,</span> <span class='ocrx_word' id='word_1_90' title='bbox 298 1323 367 1385; x_wconf 74' lang='lat' dir='ltr'>quae</span> <span class='ocrx_word' id='word_1_91' title='bbox 377 1314 531 1383; x_wconf 88' lang='lat' dir='ltr'>corrupto</span> <span class='ocrx_word' id='word_1_92' title='bbox 546 1315 655 1362; x_wconf 87' lang='lat' dir='ltr'>cruore</span> <span class='ocrx_word' id='word_1_93' title='bbox 669 1301 794 1380; x_wconf 78' lang='lat' dir='ltr'>(tubum</span> <span class='ocrx_word' id='word_1_94' title='bbox 809 1317 914 1377; x_wconf 59' lang='lat' dir='ltr'>vocnt}</span> <span class='ocrx_word' id='word_1_95' title='bbox 931 1317 1044 1362; x_wconf 79' lang='lat' dir='ltr'>terram</span> <span class='ocrx_word' id='word_1_96' title='bbox 1059 1324 1125 1362; x_wconf 84' lang='lat' dir='ltr'>ma-</span> 
     </span>
     <span class='ocr_line' id='line_1_13' title="bbox 78 1389 1127 1474; baseline -0.001 -20"><span class='ocrx_word' id='word_1_97' title='bbox 78 1392 235 1454; x_wconf 87' lang='lat' dir='ltr'>cularunt.</span> <span class='ocrx_word' id='word_1_98' title='bbox 251 1395 395 1474; x_wconf 86' lang='lat' dir='ltr'>Sequitur</span> <span class='ocrx_word' id='word_1_99' title='bbox 406 1391 520 1473; x_wconf 82' lang='lat' dir='ltr'>duplex</span> <span class='ocrx_word' id='word_1_100' title='bbox 534 1392 656 1450; x_wconf 85' lang='lat' dir='ltr'>timoris</span> <span class='ocrx_word' id='word_1_101' title='bbox 670 1405 762 1466; x_wconf 83' lang='lat' dir='ltr'>nota,</span> <span class='ocrx_word' id='word_1_102' title='bbox 777 1391 890 1452; x_wconf 87' lang='lat' dir='ltr'>scilicet</span> <span class='ocrx_word' id='word_1_103' title='bbox 904 1389 1017 1452; x_wconf 92' lang='lat' dir='ltr'>horror</span> <span class='ocrx_word' id='word_1_104' title='bbox 1029 1413 1127 1453; x_wconf 89' lang='lat' dir='ltr'>mem-</span> 
     </span>
     <span class='ocr_line' id='line_1_14' title="bbox 77 1479 1127 1561; baseline -0.001 -19"><span class='ocrx_word' id='word_1_105' title='bbox 77 1479 228 1558; x_wconf 81' lang='lat' dir='ltr'>brorum,</span> <span class='ocrx_word' id='word_1_106' title='bbox 243 1495 273 1541; x_wconf 89' lang='lat' dir='ltr'>et</span> <span class='ocrx_word' id='word_1_107' title='bbox 280 1483 376 1541; x_wconf 86' lang='lat' dir='ltr'>coitio</span> <span class='ocrx_word' id='word_1_108' title='bbox 384 1481 547 1560; x_wconf 79' lang='lat' dir='ltr'>sanguinis</span> <span class='ocrx_word' id='word_1_109' title='bbox 557 1487 623 1560; x_wconf 79' lang='lat' dir='ltr'>pree</span> <span class='ocrx_word' id='word_1_110' title='bbox 632 1481 754 1540; x_wconf 85' lang='lat' dir='ltr'>timore.</span> <span class='ocrx_word' id='word_1_111' title='bbox 764 1479 892 1561; x_wconf 86' lang='lat' dir='ltr'>Physice</span> <span class='ocrx_word' id='word_1_112' title='bbox 902 1494 1009 1540; x_wconf 82' lang='lat' dir='ltr'>autem</span> <span class='ocrx_word' id='word_1_113' title='bbox 1016 1479 1127 1541; x_wconf 86' lang='lat' dir='ltr'>horro-</span> 
     </span>
     <span class='ocr_line' id='line_1_15' title="bbox 78 1566 1128 1650; baseline 0 -20"><span class='ocrx_word' id='word_1_114' title='bbox 78 1571 123 1630; x_wconf 84' lang='lat' dir='ltr'>ris</span> <span class='ocrx_word' id='word_1_115' title='bbox 140 1591 270 1630; x_wconf 81' lang='lat' dir='ltr'>causam</span> <span class='ocrx_word' id='word_1_116' title='bbox 289 1567 427 1644; x_wconf 84' lang='lat' dir='ltr'>exhibet,</span> <span class='ocrx_word' id='word_1_117' title='bbox 449 1569 502 1648; x_wconf 89' lang='lat' dir='ltr'>qui</span> <span class='ocrx_word' id='word_1_118' title='bbox 522 1569 672 1628; x_wconf 87' lang='lat' dir='ltr'>nimirum</span> <span class='ocrx_word' id='word_1_119' title='bbox 691 1566 726 1628; x_wconf 90' lang='lat' dir='ltr'>fit</span> <span class='ocrx_word' id='word_1_120' title='bbox 745 1568 783 1627; x_wconf 80' lang='lat' dir='ltr'>ab</span> <span class='ocrx_word' id='word_1_121' title='bbox 803 1567 940 1650; x_wconf 78' lang='lat' dir='ltr'>fugiente</span> <span class='ocrx_word' id='word_1_122' title='bbox 959 1571 1128 1649; x_wconf 77' lang='lat' dir='ltr'>sanguine,</span> 
     </span>
     <span class='ocr_line' id='line_1_16' title="bbox 79 1655 1129 1739; baseline 0.002 -23"><span class='ocrx_word' id='word_1_123' title='bbox 79 1655 261 1739; x_wconf 86' lang='lat' dir='ltr'>fluenteque</span> <span class='ocrx_word' id='word_1_124' title='bbox 272 1658 312 1717; x_wconf 79' lang='lat' dir='ltr'>ad</span> <span class='ocrx_word' id='word_1_125' title='bbox 321 1656 494 1739; x_wconf 70' lang='lat' dir='ltr'>precordia</span> <span class='ocrx_word' id='word_1_126' title='bbox 506 1679 513 1716; x_wconf 94' lang='lat'><strong>:</strong></span> <span class='ocrx_word' id='word_1_127' title='bbox 526 1655 598 1723; x_wconf 85' lang='lat' dir='ltr'>ideo</span> <span class='ocrx_word' id='word_1_128' title='bbox 611 1656 823 1716; x_wconf 86' lang='lat' dir='ltr'>membrorum</span> <span class='ocrx_word' id='word_1_129' title='bbox 837 1655 964 1732; x_wconf 87' lang='lat' dir='ltr'>horror,</span> <span class='ocrx_word' id='word_1_130' title='bbox 978 1678 1041 1738; x_wconf 88' lang='lat' dir='ltr'>quo</span> <span class='ocrx_word' id='word_1_131' title='bbox 1056 1679 1129 1718; x_wconf 90' lang='lat' dir='ltr'>con-</span> 
     </span>
     <span class='ocr_line' id='line_1_17' title="bbox 79 1743 1194 1828; baseline 0 -22"><span class='ocrx_word' id='word_1_132' title='bbox 79 1767 201 1820; x_wconf 89' lang='lat' dir='ltr'>cussus,</span> <span class='ocrx_word' id='word_1_133' title='bbox 215 1744 348 1826; x_wconf 89' lang='lat' dir='ltr'>frigidus</span> <span class='ocrx_word' id='word_1_134' title='bbox 359 1745 492 1820; x_wconf 88' lang='lat' dir='ltr'>dicitur,</span> <span class='ocrx_word' id='word_1_135' title='bbox 503 1743 610 1824; x_wconf 78' lang='lat' dir='ltr'>lugeto</span> <span class='ocrx_word' id='word_1_136' title='bbox 620 1743 685 1825; x_wconf 79' lang='lat' dir='ltr'>jain</span> <span class='ocrx_word' id='word_1_137' title='bbox 697 1745 769 1806; x_wconf 92' lang='lat' dir='ltr'>inde</span> <span class='ocrx_word' id='word_1_138' title='bbox 782 1746 933 1826; x_wconf 76' lang='lat' dir='ltr'>sanguine</span> <span class='ocrx_word' id='word_1_139' title='bbox 946 1767 953 1803; x_wconf 78' lang='grc' dir='ltr'>ι</span> <span class='ocrx_word' id='word_1_140' title='bbox 966 1758 995 1805; x_wconf 88' lang='lat' dir='ltr'>et</span> <span class='ocrx_word' id='word_1_141' title='bbox 1004 1747 1128 1828; x_wconf 83' lang='lat' dir='ltr'>sanguis</span> <span class='ocrx_word' id='word_1_142' title='bbox 1191 1765 1194 1770; x_wconf 86' lang='grc'><strong><em>’</em></strong></span> 
     </span>
     <span class='ocr_line' id='line_1_18' title="bbox 79 1834 1175 1916; baseline 0 -22"><span class='ocrx_word' id='word_1_143' title='bbox 79 1836 151 1916; x_wconf 72' lang='lat' dir='ltr'>ipse‘</span> <span class='ocrx_word' id='word_1_144' title='bbox 161 1837 256 1895; x_wconf 79' lang='lat' dir='ltr'>etism</span> <span class='ocrx_word' id='word_1_145' title='bbox 267 1834 499 1916; x_wconf 85' lang='lat' dir='ltr'>gelidosquum</span> <span class='ocrx_word' id='word_1_146' title='bbox 512 1835 593 1894; x_wconf 82' lang='lat' dir='ltr'>coit:</span> <span class='ocrx_word' id='word_1_147' title='bbox 606 1855 677 1894; x_wconf 87' lang='lat' dir='ltr'>vere</span> <span class='ocrx_word' id='word_1_148' title='bbox 689 1837 811 1909; x_wconf 79' lang='lat' dir='ltr'>omnia,</span> <span class='ocrx_word' id='word_1_149' title='bbox 826 1848 855 1896; x_wconf 88' lang='lat' dir='ltr'>et</span> <span class='ocrx_word' id='word_1_150' title='bbox 868 1834 967 1895; x_wconf 89' lang='lat' dir='ltr'>docte.</span> <span class='ocrx_word' id='word_1_151' title='bbox 1067 1902 1069 1910; x_wconf 33' lang='grc' dir='ltr'>Ι</span> <span class='ocrx_word' id='word_1_152' title='bbox 1170 1842 1175 1854; x_wconf 93' lang='grc'><em>“</em></span> 
     </span>
    </p>

    <p class='ocr_par' dir='ltr' id='par_1_5' title="bbox 79 1923 1162 2361">
     <span class='ocr_line' id='line_1_19' title="bbox 122 1923 1129 2006; baseline 0 -22"><span class='ocrx_word' id='word_1_153' title='bbox 122 1926 172 1984; x_wconf 80' lang='lat'>31.</span> <span class='ocrx_word' id='word_1_154' title='bbox 188 1926 303 1984; x_wconf 86' lang='lat' dir='ltr'>lterum</span> <span class='ocrx_word' id='word_1_155' title='bbox 324 1923 518 2006; x_wconf 69' lang='lat' dir='ltr'>aggreditur,</span> <span class='ocrx_word' id='word_1_156' title='bbox 533 1937 565 1984; x_wconf 91' lang='lat' dir='ltr'>et</span> <span class='ocrx_word' id='word_1_157' title='bbox 581 1925 692 1983; x_wconf 88' lang='lat' dir='ltr'>iterum</span> <span class='ocrx_word' id='word_1_158' title='bbox 713 1937 846 1984; x_wconf 86' lang='lat' dir='ltr'>terretur</span> <span class='ocrx_word' id='word_1_159' title='bbox 864 1923 959 1982; x_wconf 86' lang='lat' dir='ltr'>simili</span> <span class='ocrx_word' id='word_1_160' title='bbox 981 1935 1129 1984; x_wconf 90' lang='lat' dir='ltr'>monstro.</span> 
     </span>
     <span class='ocr_line' id='line_1_20' title="bbox 79 2011 1131 2096; baseline -0.002 -22"><span class='ocrx_word' id='word_1_161' title='bbox 79 2015 202 2074; x_wconf 77' lang='lat' dir='ltr'>Notant</span> <span class='ocrx_word' id='word_1_162' title='bbox 215 2015 398 2094; x_wconf 82' lang='lat' dir='ltr'>interpretes</span> <span class='ocrx_word' id='word_1_163' title='bbox 409 2015 581 2096; x_wconf 78' lang='lat' dir='ltr'>impigrum</span> <span class='ocrx_word' id='word_1_164' title='bbox 596 2015 700 2074; x_wconf 81' lang='lat' dir='ltr'>AEneae</span> <span class='ocrx_word' id='word_1_165' title='bbox 715 2013 856 2073; x_wconf 84' lang='lat' dir='ltr'>studium</span> <span class='ocrx_word' id='word_1_166' title='bbox 866 2014 904 2074; x_wconf 86' lang='lat' dir='ltr'>in</span> <span class='ocrx_word' id='word_1_167' title='bbox 919 2015 1020 2076; x_wconf 77' lang='lat' dir='ltr'>causis</span> <span class='ocrx_word' id='word_1_168' title='bbox 1032 2011 1131 2073; x_wconf 80' lang='lat' dir='ltr'>leten-</span> 
     </span>
     <span class='ocr_line' id='line_1_21' title="bbox 81 2101 1129 2184; baseline 0 -22"><span class='ocrx_word' id='word_1_169' title='bbox 81 2102 168 2162; x_wconf 86' lang='lat' dir='ltr'>tibus</span> <span class='ocrx_word' id='word_1_170' title='bbox 186 2103 387 2184; x_wconf 68' lang='lat' dir='ltr'>explorendis</span> <span class='ocrx_word' id='word_1_171' title='bbox 399 2127 410 2163; x_wconf 72' lang='lat' dir='ltr'>r.</span> <span class='ocrx_word' id='word_1_172' title='bbox 425 2125 491 2164; x_wconf 83' lang='lat' dir='ltr'>non</span> <span class='ocrx_word' id='word_1_173' title='bbox 507 2105 590 2163; x_wconf 87' lang='lat' dir='ltr'>enim</span> <span class='ocrx_word' id='word_1_174' title='bbox 607 2105 650 2162; x_wconf 80' lang='lat' dir='ltr'>ita</span> <span class='ocrx_word' id='word_1_175' title='bbox 672 2117 821 2177; x_wconf 84' lang='lat' dir='ltr'>terretur,</span> <span class='ocrx_word' id='word_1_176' title='bbox 840 2115 882 2164; x_wconf 41' lang='lat' dir='ltr'>ut,</span> <span class='ocrx_word' id='word_1_177' title='bbox 896 2101 988 2164; x_wconf 79' lang='lat' dir='ltr'>cadat</span> <span class='ocrx_word' id='word_1_178' title='bbox 1008 2102 1129 2175; x_wconf 81' lang='lat' dir='ltr'>animo,</span> 
     </span>
     <span class='ocr_line' id='line_1_22' title="bbox 81 2191 1162 2271; baseline -0.001 -22"><span class='ocrx_word' id='word_1_179' title='bbox 81 2211 159 2250; x_wconf 80' lang='lat' dir='ltr'>nam</span> <span class='ocrx_word' id='word_1_180' title='bbox 181 2193 244 2268; x_wconf 90' lang='lat' dir='ltr'>bis,</span> <span class='ocrx_word' id='word_1_181' title='bbox 268 2205 321 2252; x_wconf 80' lang='lat' dir='ltr'>aut</span> <span class='ocrx_word' id='word_1_182' title='bbox 339 2208 387 2254; x_wconf 89' lang='lat' dir='ltr'>ter</span> <span class='ocrx_word' id='word_1_183' title='bbox 405 2191 545 2252; x_wconf 88' lang='lat' dir='ltr'>eamdem</span> <span class='ocrx_word' id='word_1_184' title='bbox 566 2211 631 2250; x_wconf 88' lang='lat' dir='ltr'>rem</span> <span class='ocrx_word' id='word_1_185' title='bbox 652 2195 758 2250; x_wconf 80' lang='lat' dir='ltr'>teniat.</span> <span class='ocrx_word' id='word_1_186' title='bbox 781 2193 906 2252; x_wconf 79' lang='lat' dir='ltr'>Dictum</span> <span class='ocrx_word' id='word_1_187' title='bbox 924 2191 1037 2271; x_wconf 79' lang='lat' dir='ltr'>pertitus</span> <span class='ocrx_word' id='word_1_188' title='bbox 1057 2210 1131 2250; x_wconf 91' lang='lat' dir='ltr'>cum</span> <span class='ocrx_word' id='word_1_189' title='bbox 1161 2198 1162 2203; x_wconf 77' lang='grc'>’</span> 
     </span>
     <span class='ocr_line' id='line_1_23' title="bbox 80 2279 959 2361; baseline 0.006 -21"><span class='ocrx_word' id='word_1_190' title='bbox 80 2281 524 2361; x_wconf 75' lang='lat' dir='ltr'>respectuid&#39;intuslstentes</span> <span class='ocrx_word' id='word_1_191' title='bbox 534 2283 573 2340; x_wconf 85' lang='lat' dir='ltr'>in</span> <span class='ocrx_word' id='word_1_192' title='bbox 585 2279 744 2341; x_wconf 78' lang='lat' dir='ltr'>radicibus</span> <span class='ocrx_word' id='word_1_193' title='bbox 760 2299 878 2340; x_wconf 71' lang='lat' dir='ltr'>causas.</span> <span class='ocrx_word' id='word_1_194' title='bbox 957 2339 959 2345; x_wconf 93' lang='lat'><em>.</em></span> 
     </span>
    </p>

    <p class='ocr_par' dir='ltr' id='par_1_6' title="bbox 82 2364 1132 2721">
     <span class='ocr_line' id='line_1_24' title="bbox 123 2364 1130 2442; baseline -0.002 -16"><span class='ocrx_word' id='word_1_195' title='bbox 123 2366 174 2442; x_wconf 72' lang='grc'>34.</span> <span class='ocrx_word' id='word_1_196' title='bbox 184 2371 444 2430; x_wconf 82' lang='lat' dir='ltr'>AEstuensAEncus</span> <span class='ocrx_word' id='word_1_197' title='bbox 454 2367 667 2428; x_wconf 84' lang='lat' dir='ltr'>sollicitudine</span> <span class='ocrx_word' id='word_1_198' title='bbox 676 2389 836 2428; x_wconf 84' lang='lat' dir='ltr'>successus</span> <span class='ocrx_word' id='word_1_199' title='bbox 846 2364 1053 2441; x_wconf 83' lang='lat' dir='ltr'>formidandi,</span> <span class='ocrx_word' id='word_1_200' title='bbox 1065 2385 1130 2426; x_wconf 91' lang='lat' dir='ltr'>sese</span> 
     </span>
     <span class='ocr_line' id='line_1_25' title="bbox 82 2455 1132 2542; baseline -0.002 -26"><span class='ocrx_word' id='word_1_201' title='bbox 82 2455 124 2516; x_wconf 82' lang='lat' dir='ltr'>ad</span> <span class='ocrx_word' id='word_1_202' title='bbox 134 2477 244 2538; x_wconf 83' lang='lat' dir='ltr'>preces</span> <span class='ocrx_word' id='word_1_203' title='bbox 254 2461 423 2536; x_wconf 88' lang='lat' dir='ltr'>convertit,</span> <span class='ocrx_word' id='word_1_204' title='bbox 433 2477 585 2520; x_wconf 85' lang='lat' dir='ltr'>venerans</span> <span class='ocrx_word' id='word_1_205' title='bbox 595 2457 757 2542; x_wconf 77' lang='lat' dir='ltr'>Nymphas</span> <span class='ocrx_word' id='word_1_206' title='bbox 766 2459 941 2520; x_wconf 80' lang='lat' dir='ltr'>etMortem</span> <span class='ocrx_word' id='word_1_207' title='bbox 951 2480 957 2516; x_wconf 79' lang='lat' dir='ltr'><strong><em>z</em></strong></span> <span class='ocrx_word' id='word_1_208' title='bbox 969 2456 1048 2531; x_wconf 82' lang='lat' dir='ltr'>illas,</span> <span class='ocrx_word' id='word_1_209' title='bbox 1058 2457 1132 2536; x_wconf 82' lang='lat' dir='ltr'>quin</span> 
     </span>
     <span class='ocr_line' id='line_1_26' title="bbox 82 2544 1132 2631; baseline -0.003 -26"><span class='ocrx_word' id='word_1_210' title='bbox 82 2547 394 2610; x_wconf 75' lang='lat' dir='ltr'>credebant·vetenes</span> <span class='ocrx_word' id='word_1_211' title='bbox 408 2563 509 2630; x_wconf 82' lang='lat' dir='ltr'>poctoe</span> <span class='ocrx_word' id='word_1_212' title='bbox 526 2547 687 2631; x_wconf 78' lang='lat' dir='ltr'>Nymphas</span> <span class='ocrx_word' id='word_1_213' title='bbox 711 2548 948 2631; x_wconf 76' lang='lat' dir='ltr'>Hamadryadas</span> <span class='ocrx_word' id='word_1_214' title='bbox 968 2544 1132 2606; x_wconf 87' lang='lat' dir='ltr'>arboribus</span> 
     </span>
     <span class='ocr_line' id='line_1_27' title="bbox 82 2635 1132 2721; baseline -0.003 -26"><span class='ocrx_word' id='word_1_215' title='bbox 82 2635 269 2716; x_wconf 74' lang='lat' dir='ltr'>praesiderc,</span> <span class='ocrx_word' id='word_1_216' title='bbox 282 2653 313 2699; x_wconf 90' lang='lat' dir='ltr'>et</span> <span class='ocrx_word' id='word_1_217' title='bbox 323 2659 385 2700; x_wconf 86' lang='lat' dir='ltr'>una</span> <span class='ocrx_word' id='word_1_218' title='bbox 393 2658 471 2698; x_wconf 84' lang='lat' dir='ltr'>oum.</span> <span class='ocrx_word' id='word_1_219' title='bbox 479 2637 542 2698; x_wconf 88' lang='lat' dir='ltr'>illis</span> <span class='ocrx_word' id='word_1_220' title='bbox 552 2657 701 2714; x_wconf 85' lang='lat' dir='ltr'>crescere,</span> <span class='ocrx_word' id='word_1_221' title='bbox 713 2639 818 2721; x_wconf 91' lang='lat' dir='ltr'>ibique</span> <span class='ocrx_word' id='word_1_222' title='bbox 828 2639 936 2708; x_wconf 68' lang='lat' dir='ltr'>lateret</span> <span class='ocrx_word' id='word_1_223' title='bbox 950 2651 1044 2716; x_wconf 81' lang='lat' dir='ltr'>atque</span> <span class='ocrx_word' id='word_1_224' title='bbox 1054 2635 1132 2694; x_wconf 87' lang='lat' dir='ltr'>adeo</span> 
     </span>
    </p>
   </div>
   <div class='ocr_carea' id='block_1_3' title="bbox 83 2723 1226 2809">
    <p class='ocr_par' dir='ltr' id='par_1_7' title="bbox 83 2723 1226 2809">
     <span class='ocr_line' id='line_1_28' title="bbox 83 2723 1226 2809; baseline -0.003 -25"><span class='ocrx_word' id='word_1_225' title='bbox 83 2739 200 2806; x_wconf 83' lang='lat' dir='ltr'>putare</span> <span class='ocrx_word' id='word_1_226' title='bbox 210 2731 315 2808; x_wconf 85' lang='lat' dir='ltr'>potuit</span> <span class='ocrx_word' id='word_1_227' title='bbox 328 2731 437 2790; x_wconf 82' lang='lat' dir='ltr'>AEneas</span> <span class='ocrx_word' id='word_1_228' title='bbox 450 2731 637 2809; x_wconf 82' lang='lat' dir='ltr'>sanguinem</span> <span class='ocrx_word' id='word_1_229' title='bbox 652 2725 742 2786; x_wconf 88' lang='lat' dir='ltr'>illum</span> <span class='ocrx_word' id='word_1_230' title='bbox 759 2727 882 2786; x_wconf 83' lang='lat' dir='ltr'>fluxisse</span> <span class='ocrx_word' id='word_1_231' title='bbox 895 2747 934 2784; x_wconf 82' lang='lat' dir='ltr'>ex</span> <span class='ocrx_word' id='word_1_232' title='bbox 948 2723 1132 2804; x_wconf 86' lang='lat' dir='ltr'>corporibus</span> <span class='ocrx_word' id='word_1_233' title='bbox 1222 2781 1226 2789; x_wconf 32' lang='lat' dir='ltr'><em>f</em></span> 
     </span>
    </p>
   </div>
   <div class='ocr_carea' id='block_1_4' title="bbox 84 2807 1135 2986">
    <p class='ocr_par' dir='ltr' id='par_1_8' title="bbox 84 2807 1135 2986">
     <span class='ocr_line' id='line_1_29' title="bbox 84 2807 1135 2894; baseline -0.008 -20"><span class='ocrx_word' id='word_1_234' title='bbox 84 2812 305 2894; x_wconf 77' lang='lat' dir='ltr'>Nympharum</span> <span class='ocrx_word' id='word_1_235' title='bbox 315 2817 360 2876; x_wconf 88' lang='lat' dir='ltr'>ibi</span> <span class='ocrx_word' id='word_1_236' title='bbox 370 2817 550 2879; x_wconf 75' lang='lat' dir='ltr'>latentium:</span> <span class='ocrx_word' id='word_1_237' title='bbox 562 2818 692 2874; x_wconf 79' lang='lat' dir='ltr'>Martem</span> <span class='ocrx_word' id='word_1_238' title='bbox 705 2835 791 2889; x_wconf 88' lang='lat' dir='ltr'>vero,</span> <span class='ocrx_word' id='word_1_239' title='bbox 801 2815 874 2893; x_wconf 81' lang='lat' dir='ltr'>quis</span> <span class='ocrx_word' id='word_1_240' title='bbox 886 2815 912 2872; x_wconf 91' lang='lat' dir='ltr'>is</span> <span class='ocrx_word' id='word_1_241' title='bbox 922 2807 1135 2892; x_wconf 82' lang='lat' dir='ltr'>praesesThra-</span> 
     </span>
     <span class='ocr_line' id='line_1_30' title="bbox 85 2895 1134 2986; baseline -0.009 -24"><span class='ocrx_word' id='word_1_242' title='bbox 85 2900 150 2960; x_wconf 82' lang='lat' dir='ltr'>ciae.</span> <span class='ocrx_word' id='word_1_243' title='bbox 166 2903 276 2962; x_wconf 83' lang='lat' dir='ltr'>Getica</span> <span class='ocrx_word' id='word_1_244' title='bbox 289 2907 373 2964; x_wconf 88' lang='lat' dir='ltr'>enim</span> <span class='ocrx_word' id='word_1_245' title='bbox 388 2925 475 2980; x_wconf 84' lang='lat' dir='ltr'>arva,</span> <span class='ocrx_word' id='word_1_246' title='bbox 487 2903 620 2964; x_wconf 81' lang='lat' dir='ltr'>Thracia</span> <span class='ocrx_word' id='word_1_247' title='bbox 635 2905 855 2986; x_wconf 87' lang='lat' dir='ltr'>interpretatur</span> <span class='ocrx_word' id='word_1_248' title='bbox 865 2895 1047 2971; x_wconf 83' lang='lat' dir='ltr'>Turnebus3</span> <span class='ocrx_word' id='word_1_249' title='bbox 1061 2916 1134 2955; x_wconf 81' lang='lat' dir='ltr'>nem</span> 
     </span>
    </p>
   </div>
   <div class='ocr_carea' id='block_1_5' title="bbox 85 3049 1202 4082">
    <p class='ocr_par' dir='ltr' id='par_1_9' title="bbox 85 3049 1183 3290">
     <span class='ocr_line' id='line_1_31' title="bbox 85 3049 1135 3128; baseline -0.006 -26"><span class='ocrx_word' id='word_1_250' title='bbox 85 3050 154 3104; x_wconf 88' lang='lat' dir='ltr'>lium</span> <span class='ocrx_word' id='word_1_251' title='bbox 172 3067 340 3124; x_wconf 83' lang='lat' dir='ltr'>maternum,</span> <span class='ocrx_word' id='word_1_252' title='bbox 357 3056 454 3112; x_wconf 86' lang='lat' dir='ltr'>deinde</span> <span class='ocrx_word' id='word_1_253' title='bbox 477 3057 591 3110; x_wconf 81' lang='lat' dir='ltr'>aliorum</span> <span class='ocrx_word' id='word_1_254' title='bbox 635 3058 735 3108; x_wconf 82' lang='lat' dir='ltr'>tissime</span> <span class='ocrx_word' id='word_1_255' title='bbox 750 3073 812 3128; x_wconf 84' lang='lat' dir='ltr'>ergo</span> <span class='ocrx_word' id='word_1_256' title='bbox 825 3053 950 3126; x_wconf 86' lang='lat' dir='ltr'>Virgilius</span> <span class='ocrx_word' id='word_1_257' title='bbox 960 3049 1056 3102; x_wconf 86' lang='lat' dir='ltr'>veteris</span> <span class='ocrx_word' id='word_1_258' title='bbox 1071 3065 1135 3098; x_wconf 85' lang='lat' dir='ltr'>ron·</span> 
     </span>
     <span class='ocr_line' id='line_1_32' title="bbox 89 3126 1183 3210; baseline -0.006 -29"><span class='ocrx_word' id='word_1_259' title='bbox 89 3130 221 3200; x_wconf 84' lang='lat' dir='ltr'>deorum,</span> <span class='ocrx_word' id='word_1_260' title='bbox 246 3138 292 3209; x_wconf 88' lang='lat' dir='ltr'>qui</span> <span class='ocrx_word' id='word_1_261' title='bbox 316 3140 436 3210; x_wconf 81' lang='lat' dir='ltr'>auspicio</span> <span class='ocrx_word' id='word_1_262' title='bbox 460 3157 590 3190; x_wconf 88' lang='lat' dir='ltr'>novorum</span> <span class='ocrx_word' id='word_1_263' title='bbox 637 3137 784 3189; x_wconf 84' lang='lat' dir='ltr'>suetudinis</span> <span class='ocrx_word' id='word_1_264' title='bbox 807 3135 944 3195; x_wconf 89' lang='lat' dir='ltr'>meminit,</span> <span class='ocrx_word' id='word_1_265' title='bbox 968 3146 1048 3199; x_wconf 88' lang='lat' dir='ltr'>quum</span> <span class='ocrx_word' id='word_1_266' title='bbox 1070 3126 1135 3176; x_wconf 84' lang='lat' dir='ltr'>facit</span> <span class='ocrx_word' id='word_1_267' title='bbox 1181 3133 1183 3142; x_wconf 93' lang='lat'>&#39;</span> 
     </span>
     <span class='ocr_line' id='line_1_33' title="bbox 87 3205 1135 3290; baseline 0.008 -30"><span class='ocrx_word' id='word_1_268' title='bbox 87 3209 325 3290; x_wconf 56' lang='lat' dir='ltr'>fundamentorum</span> <span class='ocrx_word' id='word_1_269' title='bbox 340 3231 427 3270; x_wconf 88' lang='lat' dir='ltr'>essent</span> <span class='ocrx_word' id='word_1_270' title='bbox 439 3212 593 3270; x_wconf 71' lang='lat' dir='ltr'>necessarii.¹</span> <span class='ocrx_word' id='word_1_271' title='bbox 636 3209 760 3285; x_wconf 81' lang='lat' dir='ltr'>AEneam,</span> <span class='ocrx_word' id='word_1_272' title='bbox 776 3216 838 3288; x_wconf 80' lang='lat' dir='ltr'>quio</span> <span class='ocrx_word' id='word_1_273' title='bbox 850 3229 977 3286; x_wconf 77' lang='lat' dir='ltr'>peregre,</span> <span class='ocrx_word' id='word_1_274' title='bbox 994 3206 1022 3258; x_wconf 76' lang='lat' dir='ltr'>ld</span> <span class='ocrx_word' id='word_1_275' title='bbox 1036 3216 1091 3268; x_wconf 70' lang='lat'>⁸⁵¹2</span> <span class='ocrx_word' id='word_1_276' title='bbox 1107 3205 1135 3255; x_wconf 73' lang='lat' dir='ltr'>ln</span> 
     </span>
    </p>

    <p class='ocr_par' dir='ltr' id='par_1_10' title="bbox 86 3283 1202 4082">
     <span class='ocr_line' id='line_1_34' title="bbox 130 3283 1134 3370; baseline -0.009 -27"><span class='ocrx_word' id='word_1_277' title='bbox 130 3309 171 3344; x_wconf 83' lang='lat'>20.</span> <span class='ocrx_word' id='word_1_278' title='bbox 194 3293 345 3366; x_wconf 81' lang='lat' dir='ltr'>Auspicibt&#39;ts</span> <span class='ocrx_word' id='word_1_279' title='bbox 368 3299 507 3370; x_wconf 78' lang='lat' dir='ltr'>coeptorum</span> <span class='ocrx_word' id='word_1_280' title='bbox 530 3316 592 3369; x_wconf 81' lang='lat' dir='ltr'>ope·</span> <span class='ocrx_word' id='word_1_281' title='bbox 636 3295 826 3366; x_wconf 80' lang='lat' dir='ltr'>Thraciaogit,</span> <span class='ocrx_word' id='word_1_282' title='bbox 837 3291 1033 3370; x_wconf 59' lang='lat' dir='ltr'>suspicientem,</span> <span class='ocrx_word' id='word_1_283' title='bbox 1043 3283 1134 3349; x_wconf 80' lang='lat' dir='ltr'>idest,</span> 
     </span>
     <span class='ocr_line' id='line_1_35' title="bbox 88 3373 1132 3452; baseline -0.01 -30"><span class='ocrx_word' id='word_1_284' title='bbox 88 3389 155 3423; x_wconf 80' lang='lat' dir='ltr'>mm.</span> <span class='ocrx_word' id='word_1_285' title='bbox 164 3373 235 3439; x_wconf 82' lang='lat' dir='ltr'>Jovi,</span> <span class='ocrx_word' id='word_1_286' title='bbox 244 3377 290 3444; x_wconf 89' lang='lat' dir='ltr'>qui</span> <span class='ocrx_word' id='word_1_287' title='bbox 298 3379 366 3428; x_wconf 79' lang='lat' dir='ltr'>arcis</span> <span class='ocrx_word' id='word_1_288' title='bbox 375 3377 440 3430; x_wconf 87' lang='lat' dir='ltr'>deus</span> <span class='ocrx_word' id='word_1_289' title='bbox 449 3391 488 3431; x_wconf 86' lang='lat' dir='ltr'>est</span> <span class='ocrx_word' id='word_1_290' title='bbox 496 3399 502 3428; x_wconf 75' lang='grc' dir='ltr'><strong>ι</strong></span> <span class='ocrx_word' id='word_1_291' title='bbox 511 3377 592 3448; x_wconf 86' lang='lat' dir='ltr'>Apol·</span> <span class='ocrx_word' id='word_1_292' title='bbox 639 3375 821 3452; x_wconf 71' lang='lat' dir='ltr'>aAqspicibus</span> <span class='ocrx_word' id='word_1_293' title='bbox 832 3381 978 3439; x_wconf 86' lang='lat' dir='ltr'>coeptorum</span> <span class='ocrx_word' id='word_1_294' title='bbox 988 3381 1107 3434; x_wconf 82' lang='lat' dir='ltr'>operum.</span> <span class='ocrx_word' id='word_1_295' title='bbox 1122 3387 1132 3410; x_wconf 73' lang='lat' dir='ltr'>n</span> 
     </span>
     <span class='ocr_line' id='line_1_36' title="bbox 86 3443 1137 3527; baseline -0.008 -27"><span class='ocrx_word' id='word_1_296' title='bbox 86 3448 153 3511; x_wconf 90' lang='lat' dir='ltr'>lini,</span> <span class='ocrx_word' id='word_1_297' title='bbox 177 3465 290 3522; x_wconf 90' lang='lat' dir='ltr'>propter</span> <span class='ocrx_word' id='word_1_298' title='bbox 311 3458 448 3527; x_wconf 82' lang='lat' dir='ltr'>auguria:</span> <span class='ocrx_word' id='word_1_299' title='bbox 473 3456 590 3522; x_wconf 91' lang='lat' dir='ltr'>Libero,</span> <span class='ocrx_word' id='word_1_300' title='bbox 673 3454 715 3508; x_wconf 86' lang='lat'>35.</span> <span class='ocrx_word' id='word_1_301' title='bbox 727 3453 919 3520; x_wconf 79' lang='lat' dir='ltr'>Gradivumque</span> <span class='ocrx_word' id='word_1_302' title='bbox 926 3455 1035 3517; x_wconf 82' lang='lat' dir='ltr'>patrem.</span> <span class='ocrx_word' id='word_1_303' title='bbox 1047 3443 1137 3504; x_wconf 72' lang='lat' dir='ltr'>Gradi-</span> 
     </span>
     <span class='ocr_line' id='line_1_37' title="bbox 89 3522 1137 3599; baseline -0.007 -19"><span class='ocrx_word' id='word_1_304' title='bbox 89 3531 168 3599; x_wconf 79' lang='lat' dir='ltr'>qussi</span> <span class='ocrx_word' id='word_1_305' title='bbox 192 3550 275 3584; x_wconf 83' lang='lat' dir='ltr'>causa</span> <span class='ocrx_word' id='word_1_306' title='bbox 294 3532 424 3588; x_wconf 70' lang='lat' dir='ltr'>libertntis</span> <span class='ocrx_word' id='word_1_307' title='bbox 442 3559 456 3588; x_wconf 77' lang='lat' dir='ltr'>r.</span> <span class='ocrx_word' id='word_1_308' title='bbox 469 3554 531 3590; x_wconf 81' lang='lat' dir='ltr'>uam</span> <span class='ocrx_word' id='word_1_309' title='bbox 553 3533 593 3588; x_wconf 69' lang='lat' dir='ltr'>,dii</span> <span class='ocrx_word' id='word_1_310' title='bbox 637 3552 716 3596; x_wconf 83' lang='lat' dir='ltr'>vum,</span> <span class='ocrx_word' id='word_1_311' title='bbox 734 3531 883 3582; x_wconf 80' lang='lat' dir='ltr'>exilientem</span> <span class='ocrx_word' id='word_1_312' title='bbox 900 3527 927 3576; x_wconf 93' lang='lat' dir='ltr'>in</span> <span class='ocrx_word' id='word_1_313' title='bbox 939 3523 1045 3596; x_wconf 73' lang='lat' dir='ltr'>prelia3</span> <span class='ocrx_word' id='word_1_314' title='bbox 1063 3522 1137 3593; x_wconf 90' lang='lat' dir='ltr'>quod</span> 
     </span>
     <span class='ocr_line' id='line_1_38' title="bbox 88 3605 1138 3685; baseline -0.008 -25"><span class='ocrx_word' id='word_1_315' title='bbox 88 3609 152 3674; x_wconf 84' lang='lat' dir='ltr'>alii,</span> <span class='ocrx_word' id='word_1_316' title='bbox 172 3613 196 3662; x_wconf 86' lang='lat' dir='ltr'>si</span> <span class='ocrx_word' id='word_1_317' title='bbox 214 3613 388 3679; x_wconf 87' lang='lat' dir='ltr'>invocentur,</span> <span class='ocrx_word' id='word_1_318' title='bbox 410 3615 445 3666; x_wconf 84' lang='lat' dir='ltr'>sd</span> <span class='ocrx_word' id='word_1_319' title='bbox 462 3616 593 3685; x_wconf 79' lang='lat' dir='ltr'>privatam</span> <span class='ocrx_word' id='word_1_320' title='bbox 637 3616 665 3666; x_wconf 92' lang='lat' dir='ltr'>in</span> <span class='ocrx_word' id='word_1_321' title='bbox 676 3608 838 3664; x_wconf 83' lang='lat' dir='ltr'>bellantibus</span> <span class='ocrx_word' id='word_1_322' title='bbox 850 3608 899 3673; x_wconf 88' lang='lat' dir='ltr'>sit,</span> <span class='ocrx_word' id='word_1_323' title='bbox 909 3621 1016 3658; x_wconf 87' lang='lat' dir='ltr'>necesse</span> <span class='ocrx_word' id='word_1_324' title='bbox 1026 3617 1073 3656; x_wconf 87' lang='lat' dir='ltr'>est.</span> <span class='ocrx_word' id='word_1_325' title='bbox 1084 3605 1138 3656; x_wconf 85' lang='lat' dir='ltr'>Aut</span> 
     </span>
     <span class='ocr_line' id='line_1_39' title="bbox 87 3683 1202 3765; baseline -0.006 -25"><span class='ocrx_word' id='word_1_326' title='bbox 87 3689 227 3760; x_wconf 86' lang='lat' dir='ltr'>pertinent</span> <span class='ocrx_word' id='word_1_327' title='bbox 253 3709 372 3746; x_wconf 72' lang='lat' dir='ltr'>causam.</span> <span class='ocrx_word' id='word_1_328' title='bbox 399 3693 451 3746; x_wconf 68' lang='lat' dir='ltr'>Sed</span> <span class='ocrx_word' id='word_1_329' title='bbox 468 3694 594 3765; x_wconf 79' lang='lat' dir='ltr'>,auspicio</span> <span class='ocrx_word' id='word_1_330' title='bbox 636 3709 748 3764; x_wconf 75' lang='lat' dir='ltr'>gravem</span> <span class='ocrx_word' id='word_1_331' title='bbox 763 3688 842 3741; x_wconf 86' lang='lat' dir='ltr'>deum</span> <span class='ocrx_word' id='word_1_332' title='bbox 859 3685 979 3758; x_wconf 67' lang='lat' dir='ltr'>patreu&#39;:</span> <span class='ocrx_word' id='word_1_333' title='bbox 998 3697 1043 3738; x_wconf 84' lang='lat' dir='ltr'>aut</span> <span class='ocrx_word' id='word_1_334' title='bbox 1059 3683 1137 3748; x_wconf 90' lang='lat' dir='ltr'>ideo,</span> <span class='ocrx_word' id='word_1_335' title='bbox 1200 3755 1202 3759; x_wconf 23' lang='grc' dir='ltr'>ι</span> 
     </span>
     <span class='ocr_line' id='line_1_40' title="bbox 88 3765 1140 3844; baseline -0.005 -25"><span class='ocrx_word' id='word_1_336' title='bbox 88 3770 213 3820; x_wconf 86' lang='lat' dir='ltr'>omnium</span> <span class='ocrx_word' id='word_1_337' title='bbox 225 3789 314 3822; x_wconf 81' lang='lat' dir='ltr'>rerum</span> <span class='ocrx_word' id='word_1_338' title='bbox 327 3784 405 3832; x_wconf 86' lang='lat' dir='ltr'>sunt;</span> <span class='ocrx_word' id='word_1_339' title='bbox 417 3771 528 3844; x_wconf 74' lang='lat' dir='ltr'>auguria</span> <span class='ocrx_word' id='word_1_340' title='bbox 538 3791 595 3826; x_wconf 77' lang='lat' dir='ltr'>oer-</span> <span class='ocrx_word' id='word_1_341' title='bbox 641 3773 704 3842; x_wconf 82' lang='lat' dir='ltr'>quia</span> <span class='ocrx_word' id='word_1_342' title='bbox 719 3768 791 3839; x_wconf 83' lang='lat' dir='ltr'>apud</span> <span class='ocrx_word' id='word_1_343' title='bbox 806 3765 964 3833; x_wconf 85' lang='lat' dir='ltr'>Pontifices,</span> <span class='ocrx_word' id='word_1_344' title='bbox 978 3767 1050 3818; x_wconf 79' lang='lat' dir='ltr'>Mars</span> <span class='ocrx_word' id='word_1_345' title='bbox 1065 3774 1140 3835; x_wconf 83' lang='lat' dir='ltr'>pater</span> 
     </span>
     <span class='ocr_line' id='line_1_41' title="bbox 90 3841 1138 3921; baseline -0.007 -21"><span class='ocrx_word' id='word_1_346' title='bbox 90 3851 596 3921; x_wconf 74' lang='lat' dir='ltr'>tarumzaospiesrienimeuiris‚etium</span> <span class='ocrx_word' id='word_1_347' title='bbox 641 3850 746 3904; x_wconf 88' lang='lat' dir='ltr'>dicitur.</span> <span class='ocrx_word' id='word_1_348' title='bbox 762 3847 815 3900; x_wconf 79' lang='lat' dir='ltr'>Alii</span> <span class='ocrx_word' id='word_1_349' title='bbox 825 3846 977 3920; x_wconf 68' lang='lat' dir='ltr'>gradivum,</span> <span class='ocrx_word' id='word_1_350' title='bbox 992 3841 1064 3914; x_wconf 90' lang='lat' dir='ltr'>quod</span> <span class='ocrx_word' id='word_1_351' title='bbox 1075 3860 1138 3914; x_wconf 85' lang='lat' dir='ltr'>gra-</span> 
     </span>
     <span class='ocr_line' id='line_1_42' title="bbox 88 3927 1140 4005; baseline -0.011 -25"><span class='ocrx_word' id='word_1_352' title='bbox 88 3929 441 4005; x_wconf 73' lang='lat' dir='ltr'>peregrelice13auguriuot</span> <span class='ocrx_word' id='word_1_353' title='bbox 450 3931 597 4004; x_wconf 62' lang='lat' dir='ltr'>agemnisi</span> <span class='ocrx_word' id='word_1_354' title='bbox 642 3929 706 3982; x_wconf 87' lang='lat' dir='ltr'>dum</span> <span class='ocrx_word' id='word_1_355' title='bbox 719 3928 853 3993; x_wconf 83' lang='lat' dir='ltr'>inferant,</span> <span class='ocrx_word' id='word_1_356' title='bbox 871 3927 916 3998; x_wconf 91' lang='lat' dir='ltr'>qui</span> <span class='ocrx_word' id='word_1_357' title='bbox 933 3933 1074 3996; x_wconf 86' lang='lat' dir='ltr'>pugnant:</span> <span class='ocrx_word' id='word_1_358' title='bbox 1094 3930 1140 3970; x_wconf 83' lang='lat' dir='ltr'>sut</span> 
     </span>
     <span class='ocr_line' id='line_1_43' title="bbox 93 3999 1140 4082; baseline -0.014 -19"><span class='ocrx_word' id='word_1_359' title='bbox 93 4009 121 4056; x_wconf 80' lang='lat' dir='ltr'>in</span> <span class='ocrx_word' id='word_1_360' title='bbox 133 4009 229 4078; x_wconf 83' lang='lat' dir='ltr'>patriis</span> <span class='ocrx_word' id='word_1_361' title='bbox 242 4009 351 4064; x_wconf 85' lang='lat' dir='ltr'>sedibus</span> <span class='ocrx_word' id='word_1_362' title='bbox 363 4029 421 4066; x_wconf 87' lang='lat' dir='ltr'>non</span> <span class='ocrx_word' id='word_1_363' title='bbox 438 4010 510 4066; x_wconf 85' lang='lat' dir='ltr'>licet.</span> <span class='ocrx_word' id='word_1_364' title='bbox 525 4011 598 4066; x_wconf 85' lang='lat' dir='ltr'>Peri·</span> <span class='ocrx_word' id='word_1_365' title='bbox 638 4006 716 4082; x_wconf 87' lang='lat' dir='ltr'>quod</span> <span class='ocrx_word' id='word_1_366' title='bbox 723 4008 835 4080; x_wconf 81' lang='lat' dir='ltr'>impigre</span> <span class='ocrx_word' id='word_1_367' title='bbox 844 4005 1009 4080; x_wconf 80' lang='lat' dir='ltr'>gradiantur.</span> <span class='ocrx_word' id='word_1_368' title='bbox 1020 3999 1073 4052; x_wconf 84' lang='lat' dir='ltr'>Alii</span> <span class='ocrx_word' id='word_1_369' title='bbox 1082 4017 1140 4070; x_wconf 73' lang='lat' dir='ltr'>pra·</span> 
     </span>
    </p>
   </div>
   <div class='ocr_carea' id='block_1_6' title="bbox 0 0 1371 4594">
    <p class='ocr_par' dir='ltr' id='par_1_11' title="bbox 0 0 1371 4594">
     <span class='ocr_line' id='line_1_44' title="bbox 0 0 1371 4594; baseline 0 0"><span class='ocrx_word' id='word_1_370' title='bbox 0 0 1371 4594; x_wconf 95' lang='lat' dir='ltr'> </span> 
     </span>
    </p>
   </div>
  </div>
 </body>
</html>
