2644 4614
198 267 262 346 ido
527 257 908 326 COMMENTARIA

194 383 280 444 dono
300 383 428 464 legatis:
452 401 525 440 nam
546 395 671 456 centum
693 383 803 450 AEneas
824 383 972 440 miserat:
995 379 1151 440 describit
1170 395 1246 438 vero

193 486 287 554 poeta
306 469 443 530 studium
462 469 566 528 Latini
585 489 621 528 ex
640 469 900 530 circumstantiis:
920 487 993 526 nam
1012 487 1117 548 quum
1136 485 1245 526 omnes
1315 479 1316 484 ’

196 573 297 620 essent
314 558 413 631 nitidi,
433 558 463 616 id
483 570 542 634 est,
563 560 709 640 pingues,
727 571 832 618 tamen
848 555 993 618 meliores
1008 555 1095 639 eligit
1110 577 1150 616 ex
1169 557 1248 615 omiti
1315 587 1316 640 p

194 667 331 708 numero:
343 645 456 706 deinde
465 644 622 728 extemplo,
636 661 672 708 ut
681 649 819 728 signetur
829 649 908 728 regis
918 646 1065 706 alacritas
1076 648 1112 706 in
1125 643 1245 704 dando:
1315 643 1316 708 i

195 737 301 812 tertio,
321 755 357 795 ex
372 749 485 796 ornatu
499 756 671 817 equorum3
692 758 765 796 nam
780 736 907 798 illorum
920 749 1093 796 stramenta
1106 747 1202 794 erant
1214 753 1249 792 ex
1315 757 1316 760 ¹

194 846 349 908 purpura,
365 827 415 886 cui
428 825 559 904 admista
572 827 694 906 pictura
709 847 798 902 acus3
818 825 949 894 monilia¹
959 845 1074 886 eorum
1086 845 1203 898 aurea,
1219 834 1249 880 et

196 913 286 974 fraeni
301 917 398 975 aurei.
854 935 857 941 '

235 1005 303 1064 280.
317 1007 403 1065 Circe
414 1004 493 1066 Solis
503 1003 567 1062 filia
581 1004 745 1064 mortalem
756 1025 868 1086 equam
879 1004 1068 1064 submiserat
1081 1004 1251 1082 uniequo·

195 1115 264 1157 rum
278 1095 371 1162 Solis,
386 1093 468 1154 unde
482 1093 623 1152 sobolem
635 1110 807 1152 creaverat:
824 1113 858 1150 ex
872 1093 932 1162 hac
942 1113 1016 1174 ergo
1026 1093 1142 1174 plur-es
1154 1111 1250 1172 equos

196 1202 294 1264 quum
307 1179 436 1242 haberet
447 1181 592 1252 Latinus,
604 1179 684 1238 duos
697 1177 735 1237 ad
745 1181 872 1238 AEneam
882 1179 966 1237 misit
977 1200 1041 1236 una
1051 1200 1128 1236 cum
1141 1198 1250 1250 curru,

196 1291 233 1330 eo
248 1269 395 1330 videlicet
407 1267 557 1346 consilio,
577 1280 611 1328 ut
626 1269 736 1328 AEneas
754 1279 859 1328 vectus
873 1288 944 1326 cum
958 1265 1119 1348 dignitate
1134 1269 1252 1326 veniret

197 1359 235 1420 ad
249 1381 399 1419 socerum.

235 1445 303 1522 284·
315 1437 459 1506 Redeunt
470 1443 564 1526 legati
578 1444 745 1520 laetissimi,
757 1446 873 1526 quippe
887 1463 960 1504 cum
975 1441 1085 1518 donis,
1099 1463 1177 1502 cum
1189 1441 1252 1500 dic·

197 1539 250 1612 tis,
262 1557 334 1596 cum
348 1540 449 1616 equis,
462 1557 633 1618 cumpace.

241 1627 308 1686 286.
331 1627 376 1686 Eo
393 1628 541 1707 temporis
556 1638 688 1707 puncto,
716 1645 779 1705 quo
803 1623 896 1703 legati
917 1593 1081 1684 laetissimi⁸
1098 1619 1252 1682 redibant

197 1737 268 1776 cum
281 1717 382 1796 equis,
396 1712 502 1791 doni's⁷
512 1736 602 1795 pace,
614 1714 695 1776 forte
705 1719 779 1776 'tum
790 1716 875 1774 luno
887 1735 944 1796 per
956 1715 1048 1772 auras
1060 1709 1102 1772 ab
1113 1712 1209 1791 Argis
1219 1712 1251 1766 in

233 1905 292 1972 a78.
312 1904 426 1954 Demissa
444 1903 554 1954 monilia
573 1905 696 1974 pendent.-
741 1917 794 1958 tate
803 1903 984 1966 artificiorum,
992 1899 1253 1968 Ennio:eidemque

197 1983 389 2060 Suspendend'a
403 1985 585 2060 pppnuntiatio
601 1997 697 2038 estret
741 1987 845 2038 Lucret.
874 1983 1006 2034 «Daedala
1027 1981 1177 2032 verborum
1201 1978 1254 2028 lin·

198 2063 312 2116 ambitus
329 2065 414 2134 majop
433 2077 488 2128 θεῖς
508 2081 569 2136 naut
587 2063 697 2115 monilia
741 2085 794 2136 gua
805 2085 832 2118 e:
847 2079 882 2128 et,
896 2059 1230 2132 «Daedalasignapoliren
1244 2079 1251 2107 :

197 2164 251 2197 non
271 2147 322 2197 nisi
338 2145 476 2196 hominum
492 2144 620 2196 dicimus:
640 2163 697 2216 quse
741 2145 804 2198 item
833 2143 966 2196 ullaedala
994 2143 1161 2202 carmina»,
1198 2148 1251 2187 etc.

198 2245 269 2277 nunc
283 2225 318 2276 ad
334 2221 439 2276 laudern
452 2243 502 2294 pro
516 2223 633 2294 phaleris
645 2245 697 2296 po·
741 2221 875 2289 Quoniam
884 2230 972 2272 autem
982 2237 1066 2288 supra
1076 2216 1156 2268 fidem
1166 2228 1194 2266 et
1203 2235 1252 2265 na·

197 2308 258 2360 suit.
280 2303 528 2368 Seru-Monilia.
552 2305 647 2356 Ornati
669 2307 697 2356 in
741 2315 827 2352 turam
841 2314 893 2365 est,
907 2316 991 2370 equos
1003 2297 1087 2348 hosce
1101 2295 1135 2346 de
1147 2313 1250 2366 genere

196 2389 310 2439 formam
321 2379 461 2434 mulierunl
475 2405 481 2433 t
496 2383 593 2434 mirum
608 2397 697 2436 autent
741 2379 808 2432 Solis
821 2397 891 2443 esse,
905 2377 966 2429 ideo
977 2375 1125 2448 prudenter
1134 2376 1196 2425 Deae
1209 2375 1251 2423 fa-

196 2463 695 2535 benevolentisoinTroianossignnms
741 2462 816 2512 oium
835 2459 888 2510 boc
907 2457 1071 2510 attribuitur.
1090 2453 1158 2505 Vide
1177 2452 1249 2504 Scal.

196 2563 257 2598 nam
270 2541 313 2614 qui
325 2541 428 2611 pedites
440 2554 645 2607 generant‚non
654 2542 698 2594 de·
741 2543 790 2606 111,
815 2542 830 2594 3
857 2552 882 2592 et
901 2540 933 2606 4,
950 2538 998 2590 ubi
1019 2537 1111 2588 locum
1133 2535 1210 2586 bunc
1234 2551 1251 2583 a

196 2623 297 2684 bebant
314 2618 486 2686 adiuturum⁴¹
499 2637 626 2691 genarum
644 2621 695 2672 nisi
738 2621 948 2692 reprehensione
970 2619 1133 2670 Criticorum
1154 2613 1249 2666 vindi·

197 2703 300 2775 equites
318 2698 413 2752 redire.
434 2699 521 2761 AEneae
535 2717 599 2751 vero
615 2701 695 2750 mittit
739 2713 782 2754 cat
795 2722 800 2750 :
815 2702 915 2772 quippe
930 2697 1025 2750 eadem
1038 2699 1143 2748 ratione
1154 2698 1249 2765 potuit

196 2785 287 2854 bigas,
305 2779 586 2848 honorisvirtutisque
599 2796 693 2840 oausa;
739 2779 816 2832 Circe
838 2778 967 2829 suffurari
987 2793 1079 2828 semen
1096 2791 1247 2844 equorum,

185 2861 313 2926 donetis,
326 2871 355 2909 ut
368 2876 447 2909 curru
457 2869 563 2922 vectus,
574 2856 608 2908 ad
620 2875 694 2928 soce7
743 2876 796 2928 qua
806 2856 869 2908 solis
880 2855 1009 2908 essefilia.
1024 2854 1132 2905 Tuubm.
1140 2883 1177 2890 -
1186 2854 1248 2903 Ma-

195 2959 254 2996 rum
267 2957 328 2991 cum
338 2936 467 3008 dignitate
478 2938 597 2988 veniret:
612 2937 695 2988 virtu-
740 2936 861 2990 crobium
869 2932 1245 2998 etiamconsule,lib.VI‚c.6.

196 3017 695 3090 tis,quiacurrusetequiinstrumenta
776 3016 835 3070 286.
856 3015 973 3068 Inachiis
994 3033 1046 3066 sese
1067 3013 1194 3084 referebat
1214 3013 1246 3063 ab

193 3099 328 3153 bellorum
341 3107 419 3148 sunt:
435 3106 462 3146 et
475 3113 509 3146 ne
522 3093 556 3147 ed
568 3113 695 3166 generum
739 3096 823 3169 Arpis.
844 3098 922 3147 Bene
934 3093 1070 3144 Inachiis.-
1091 3111 1147 3142 non
1171 3094 1245 3142 enim

197 3177 396 3252 potentissimus
406 3193 451 3228 rex
461 3173 519 3226 leve
529 3173 629 3226 donum
639 3177 697 3226 mit·
739 3195 792 3228 una
803 3187 842 3227 est
851 3175 952 3244 Argos:
965 3174 1017 3223 fuit
1033 3173 1104 3224 enim
1117 3172 1182 3222 etin
1193 3173 1245 3222 Ita·

196 3274 251 3312 tere
263 3256 413 3320 videretur,
426 3271 509 3324 equos
521 3252 630 3306 mirifice
640 3253 695 3306 lau·
738 3254 784 3319 lia,
794 3272 872 3324 quam
880 3250 1022 3302 Diomedes
1033 3247 1170 3302 condidit:
1184 3267 1242 3320 qua

197 3339 252 3390 dat.
263 3338 358 3388 Donat.
738 3335 824 3404 primo
838 3333 914 3404 Argi,
926 3342 988 3398 post
999 3329 1166 3401 Argyrippa,
1180 3342 1243 3400 post

234 3419 291 3470 282.
306 3415 380 3466 Patri
386 3411 557 3486 quosdoedala
567 3413 644 3466 Circe.
653 3415 695 3465 ln·
737 3413 803 3484 Arpi
812 3413 883 3464 dicta
892 3422 931 3462 est
941 3430 946 3458 :
958 3411 1008 3460 fuit
1017 3421 1045 3460 et
1055 3411 1083 3460 iu
1090 3407 1242 3460 Thessalia.

196 3498 305 3570 geniosa
317 3517 323 3545 ι
337 3507 362 3546 et
371 3493 423 3544 boc
435 3491 511 3565 fingit
521 3512 579 3544 eam
588 3495 692 3546 fecisse.
738 3495 770 3546 Et
780 3491 942 3557 notandum,
959 3488 1033 3560 quod
1042 3489 1090 3540 ubi
1101 3488 1191 3540 bonus
1203 3509 1242 3541 se-

187 3572 359 3638 -Doedaln‚
368 3573 411 3624 vel
422 3568 592 3634 adtendebant,
603 3572 631 3624 id
641 3586 694 3642 est,
739 3575 829 3644 quitur
841 3584 949 3624 eventus
961 3569 1109 3638 Trojan05‚
1120 3571 1194 3620 June
1206 3591 1242 3622 re-

197 3652 338 3707 artificiose
355 3652 458 3715 facere,
480 3665 525 3703 aut
543 3653 693 3724 variegare,
738 3649 1242 3721 movetur:etcongrue‚quasinumen

195 3735 238 3786 vel
258 3732 291 3784 ab
310 3732 448 3802 ingenioso
465 3731 510 3782 illo
528 3733 693 3784 Cretensium
738 3733 892 3795 inimicum,
913 3728 987 3800 quod
1009 3745 1129 3798 praesens
1152 3741 1245 3798 posset

196 3813 275 3864 fabro
290 3807 405 3860 Daedalo.
425 3811 465 3859 lta
479 3808 582 3860 Lucret.
596 3810 693 3862 dicitur
737 3830 843 3862 nocere.
856 3811 925 3862 Serv.
936 3806 1063 3878 --Argos
1078 3806 1124 3858 bic
1138 3820 1180 3858 est
1196 3810 1243 3860 Pe-

197 3889 304 3942 Doedala
316 3885 392 3937 tellus
398 3922 408 3949 ,
428 3905 443 3936 a
454 3889 581 3940 varietate
594 3889 640 3940 illa
652 3909 692 3944 re·
736 3890 876 3961 loponnesi
890 3887 1034 3958 oppidum,
1046 3887 1152 3939 Junoni
1163 3889 1243 3942 caris·

196 3989 270 4020 rum:
283 3979 309 4018 et
318 3963 426 4019 Daedala
435 3965 568 4031 Minerva,
582 3987 598 4019 a
607 3973 691 4022 varie·
736 3974 844 4033 simum3
858 3967 960 4022 ,Eneid
974 3970 999 4034 I,
1014 3985 1058 4038 193
1071 3967 1134 4022 288.
