2692 4594
344 290 397 355 ru
420 288 655 356 nuntnos
678 289 771 354 nm.
796 293 869 356 111.
1063 301 1135 390 1⁸9⁴
1184 296 1186 300 ¹

80 411 122 490 ti)
135 409 239 474 lilium
253 411 426 474 Molossum
439 437 446 472 ε
463 412 515 472 sed
528 411 663 495 Pyrrhus
680 411 791 472 deinde
804 427 912 496 captus
929 436 1034 481 amore
1047 425 1127 486 Her·

78 503 220 580 miones,
235 525 303 585 quae
319 501 385 564 filia
401 515 466 564 erat
480 502 630 577 Menelai,
644 515 674 562 et
687 501 812 562 Helenae
828 507 981 583 Lacaenae,
993 513 1128 586 (Helena

79 607 156 648 vero
167 590 289 670 Ledae,)
302 590 477 672 repudiavit
486 587 735 654 Andromacham
744 611 876 667 servam,
886 590 1001 672 jussam
1011 600 1130 662 nubere

79 697 154 738 cum
166 681 289 748 Heleno
299 679 366 740 filio
377 681 508 753 Priami,
521 699 608 738 servo
619 680 709 738 item:
721 677 795 740 hine
805 678 913 756 claret,
926 703 980 743 cur
990 686 1129 750 Hermio-

78 787 146 827 nen
160 768 245 830 dicat
258 767 411 830 Ledaeam:
424 789 479 828 cur
489 770 694 850 Hymenaeos,
711 768 743 828 id
757 782 816 844 est,
832 773 969 852 nuptias,
984 776 1129 840 Hermio.

79 875 136 914 nes
157 876 230 916 cum
248 854 370 936 Pyrrho
391 866 480 915 vocet
496 855 732 916 Lacedaemonios
738 879 750 929 ‚·
770 877 825 916 cur
845 877 876 916 se
886 858 1055 940 famulam,
1074 887 1129 928 cur

79 943 240 1006 Helenum
246 945 410 1028 famulum.

121 1031 193 1091 330.
208 1032 329 1128 Duplex
345 1033 440 1106 ratio,
455 1052 510 1090 cur
522 1032 641 1091 Orestes
654 1029 809 1112 Pyrrhum
822 1033 1026 1097 interfecerit
1019 1053 1131 1122 ·rapta

79 1117 234 1178 nimirum
244 1117 359 1200 conjux
371 1119 541 1179 Hermione
553 1119 613 1178 sibi
626 1121 714 1200 prius
726 1118 929 1200 desponsata·
942 1121 1054 1186 deinde
1066 1141 1131 1188 erat

79 1225 150 1264 non
164 1206 237 1267 satis
251 1207 312 1266 sihi
327 1226 470 1288 compos,
488 1217 523 1264 ut
540 1226 595 1286 qut
587 1203 710 1266 adhuc
722 1207 890 1287 agitaretur
903 1205 992 1269 furiis
1005 1225 1133 1294 propter

79 1291 279 1353 interfectam
302 1306 434 1354 matrem
457 1293 725 1374 Clytemnestram.
750 1294 820 1352 Istae
841 1313 938 1353 causae
959 1297 1132 1378 Pyrrhum,

80 1403 137 1442 cur
153 1385 296 1464 exceperit
310 1382 446 1464 (verbo
438 1403 505 1464 rpso
520 1383 683 1464 signantur
696 1382 833 1458 insidiae,
850 1383 923 1444 ideo
935 1385 1098 1470 adjungit
1088 1413 1132 1452 m-

80 1471 219 1548 eantum)
234 1471 368 1546 Orestes,
384 1470 636 1570 interfeceritque
650 1470 689 1530 ad
704 1491 770 1530 aras
782 1472 906 1552 patrias.
920 1473 1004 1549 Quid
1019 1476 1133 1538 intelli·

81 1555 221 1637 gendum
235 1559 274 1617 sit
286 1571 550 1639 penatespenates,
565 1557 655 1618 docet
668 1559 819 1618 Excursus
829 1559 901 1636 XII,
915 1572 991 1622 tom
1003 1563 1049 1640 ΙΙ,
1060 1585 1131 1647 pag.

82 1642 158 1725 467,
174 1643 213 1704 de
227 1644 310 1705 caede
324 1645 531 1726 Neoptolemi.

123 1734 193 1794 333.
210 1735 367 1794 Sententia
383 1735 465 1794 clara
482 1749 541 1812 est,
554 1746 676 1794 tantum
691 1734 730 1794 de
741 1732 888 1794 Chaone:
881 1734 964 1796 tuit
974 1684 1025 1799 hic
1038 1739 1133 1802 frater

82 1821 212 1896 Heleni,
229 1833 260 1881 et
275 1823 315 1881 ab
332 1843 368 1881 eo
386 1823 419 1881 in
435 1781 600 1882 venatione
613 1843 669 1903 per
686 1821 929 1902 imprudentiam
944 1827 1076 1902 occisus3
1090 1829 1134 1889 ita

83 1907 206 1968 Servius
223 1909 377 1990 vulgaris:
396 1929 495 1968 novus
514 1929 587 1968 vero
605 1911 664 1985 ait,
682 1907 843 1968 Chaonem
857 1931 914 1991 pro
932 1915 1075 1974 omnium
1086 1917 1133 1976 in·

84 1997 281 2074 columitate,
294 2019 393 2080 quum
406 1999 582 2082 pestilentia
598 1997 781 2058 laborarent
793 2001 868 2076 socii
882 2001 1012 2079 Heleni,
1026 2023 1062 2064 ex
1073 2027 1133 2066 res-

83 2108 186 2169 ponso
203 2086 436 2148 immolandum
453 2109 483 2147 se
498 2088 658 2163 obtulisse,
672 2090 706 2146 in
717 2085 803 2167 eujus
817 2109 891 2148 mox
904 2089 1057 2152 honorem
1071 2097 1133 2155 He-

83 2174 175 2234 lenus
189 2195 259 2234 eam
278 2195 366 2234 oram
383 2173 559 2234 Chaoniam
577 2175 770 2234 nominavit:
787 2187 818 2234 et
834 2173 920 2234 addit
936 2177 1006 2238 alia.
1025 2179 1132 2251 Suidas

84 2277 191 2325 tamen
206 2265 274 2325 vult
290 2264 389 2326 dictos
405 2265 547 2325 Chaones
560 2290 628 2346 nmo
616 2266 671 2324 τὸ
686 2269 837 2344 aspasium,
853 2286 927 2324 nam
941 2288 1015 2348 gens
1029 2269 1084 2330 illa
1098 2273 1133 2332 in

83 2356 194 2417 luxum
206 2376 322 2438 prona,
337 2368 367 2415 et
381 2355 555 2416 mollitiem.

124 2447 194 2506 336.
208 2447 389 2505 Construxrt
399 2445 523 2521 urbem
537 2466 586 2505 cur
578 2443 829 2527 nomenTroJa
842 2465 1053 2532 muros,quos
1063 2444 1133 2512 Per

84 2554 178 2615 gama
192 2533 376 2616 appellavit,
388 2555 507 2610 arcem,
520 2553 615 2615 quam
627 2532 731 2592 llium.

125 2623 196 2706 337.
212 2623 340 2684 Arebus
352 2625 414 2684 suis
427 2624 466 2683 ad
480 2626 608 2684 AEneam
619 2625 748 2683 transit:
763 2623 817 2703 qui
828 2625 911 2683 venti
921 2637 985 2686 tam
994 2631 1134 2710 prosperi

86 2711 242 2772 dederunt
255 2710 313 2771 tibi
328 2711 470 2772 cursum?
488 2733 557 2793 quae
576 2711 642 2771 fata
659 2724 725 2770 tam
745 2710 867 2770 felicia?
884 2715 953 2791 quis
968 2716 1050 2774 Deus
1069 2730 1134 2776 tam

86 2802 324 2862 amicusi'nulla
338 2801 391 2863 hrc
402 2809 599 2884 περισσολογια
612 2822 687 2860 nam
698 2802 878 2880 navigantes
891 2815 922 2860 et
932 2815 1041 2881 vento
1053 2818 1082 2864 et
1093 2805 1135 2865 la

85 2902 134 2961 13,
150 2903 182 2949 et
192 2891 250 2950 Dei
265 2889 396 2972 alicujus
410 2891 541 2949 numine
555 2883 722 2948 ducuntur.

127 2977 197 3058 339.
209 2981 227 3038 J
230 3001 280 3039 am
290 3001 307 3040 3
317 2991 405 3061 patre
417 2978 456 3040 ad
467 2977 525 3038 filii
535 2999 597 3038 res:
609 2975 648 3036 de
658 2973 733 3050 hoc,
746 2995 840 3056 quem
850 2996 915 3036 non
926 2977 1010 3037 videt
1014 2993 1135 3061 ,rogan

86 3066 318 3126 vivatneienm
330 3080 484 3149 respectu
498 3066 606 3140 credo,
621 3063 660 3124 ad
675 3084 767 3124 suum
779 3063 977 3162 Astyanacta,
990 3066 1045 3147 qui
1058 3087 1135 3146 prae-

87 3157 246 3238 cipitatus.
256 3159 399 3238 Sequitur
410 3143 643 3218 hemistichium
650 3175 759 3239 ‚quem
770 3151 889 3271 tibiJ'am
901 3151 997 3238 ijo.
1010 3157 1135 3218 Senten-

86 3297 130 3352 lus
141 3299 217 3352 dun
227 3301 366 3354 -Fastus
376 3299 552 3373 Superbiam:
566 3312 593 3353 et
635 3298 702 3352 fides
718 3318 774 3352 non
790 3267 892 3360 stabam
909 3298 981 3350 unde
999 3309 1026 3350 et
1045 3297 1137 3350 haben·

88 3391 130 3431 est
140 3391 241 3450 quarta
254 3378 441 3434 declinationis
458 3404 464 3434 :
482 3399 545 3432 narn
561 3381 593 3432 li·
637 3380 698 3432 dam
711 3379 790 3445 dixit,
805 3390 831 3430 et
846 3378 998 3443 transmisit,
1012 3379 1076 3448 quia
1091 3377 1137 3431 alii

88 3456 155 3522 her,
170 3459 217 3528 qui
233 3457 337 3512 dierum
354 3459 437 3513 hahet
455 3473 594 3531 computa·
638 3457 774 3511 tradidit:
794 3455 903 3530 quidam
927 3457 1044 3529 pennisit
1065 3460 1137 3511 acci·
1189 3507 1194 3520 ,

89 3539 202 3604 tionem,
211 3539 335 3592 secundas
343 3540 529 3593 declinationis
540 3553 592 3592 est:
638 3541 724 3611 piunt.
737 3537 807 3589 Seru.

90 3617 165 3669 unde
194 3621 291 3672 erravit
313 3621 436 3672 Lucanus
462 3619 592 3683 dicend03
675 3617 734 3685 339.
748 3615 819 3666 Puer
827 3613 959 3668 Ascanius.
968 3615 1138 3688 Filius,quia

94 3697 175 3749 uNec
189 3717 262 3750 meus
274 3698 379 3750 Eudoxi
390 3701 512 3752 vincetur
523 3699 596 3751 fasti·
640 3697 725 3752 Graeci
731 3697 821 3749 παῖδας
829 3697 907 3746 etiam
911 3693 986 3768 filios
994 3695 1095 3750 dicunt.
1104 3726 1140 3738 -

90 3776 143 3828 hus
152 3779 347 3830 annus.»Sew.
639 3780 789 3848 Superatne.
804 3775 875 3824 Vivit
891 3797 896 3826 ε
915 3792 977 3827 sane
996 3793 1064 3828 nove
1081 3776 1139 3829 dic-

127 3859 190 3928 339.
206 3859 358 3914 Transmisit
371 3858 523 3912 hahendam.
541 3860 595 3912 He·
640 3871 696 3909 tum
705 3869 760 3922 est,
771 3849 877 3909 etcaret
886 3856 1021 3927 exemplo,
1031 3871 1060 3908 ut
1070 3877 1140 3928 pau·

91 3936 136 3988 rili
147 3937 303 4006 voluntate,
322 3958 377 3990 non
388 3937 448 4010 lege
460 3940 593 4010 conjugii:
641 3956 673 3990 ca
684 3938 711 3988 in
724 3935 844 4006 Virgilio.
857 3935 910 3988 Alii
922 3935 1013 3988 dicunt
1023 3946 1140 4008 superat,

89 4015 594 4098 relquiainteroaptirosmatrimonio
640 4029 775 4090 superstes
783 4016 1023 4088 astasedsupentes
1031 4033 1142 4088 praesen-
