2692 4594
208 355 271 436 244
535 288 918 414 comminutam

207 495 275 542 tum
285 481 470 537 aeremtrans
480 470 598 532 volasse
608 491 624 530 a
635 470 712 532 caelo
723 470 868 552 usquead
880 470 1048 549 Atlantem,
1058 472 1114 534 ubi
1124 473 1252 536 constitit

205 573 299 630 nitens
309 559 378 634 alis,
388 557 419 618 id
431 569 491 634 est,
505 559 647 618 constitit
657 561 689 616 in
700 557 806 640 pedes,
819 558 874 618 ubi
886 559 943 620 alae
954 558 1027 641 ejus.
1041 561 1118 620 lnde
1128 579 1251 642 praecept

208 652 369 720 descendit
386 649 425 710 ad
444 648 682 730 Carthaginem,
704 669 773 730 quae
792 646 867 708 urbs
886 650 942 709 sita
964 649 1003 710 ad
1023 651 1123 711 undas
1142 651 1248 724 maris,

208 746 279 806 ideo
298 739 377 800 misit
390 757 419 797 te
433 735 474 795 ad
489 734 592 797 undas.
608 736 752 816 Sequitur
768 737 980 818 comparatio:
997 739 1082 798 misit
1101 758 1148 812 se,
1167 733 1248 796 simi-

207 835 246 893 lis
257 828 304 889 illi
317 827 382 900 avi,
395 843 464 906 quas
479 821 608 882 humilis
619 821 704 882 volat
711 821 799 902 juxta
815 824 879 905 ipsa
894 843 1034 906 aequora,
1047 826 1167 885 circum
1182 825 1250 883 lito·

206 945 256 997 ra,
269 920 386 979 circum
397 911 543 994 scopulos
555 909 758 992 pisculentos,
773 925 810 972 ut
821 913 896 972 inde
908 916 1025 996 rapinae
1039 915 1163 996 aliquid
1177 913 1253 974 obti-

206 1021 287 1070 neat.
294 997 1173 1082 Accommodatdeindecomparationem,inquanominat
1180 999 1253 1071 litus,

206 1112 236 1160 ct
247 1111 358 1167 ventos,
372 1090 456 1173 quod
469 1089 602 1150 similem
618 1087 724 1149 fecerit
738 1091 787 1148 avi
801 1090 862 1167 illi,
878 1111 947 1173 quae
959 1091 1052 1167 volat,
1063 1094 1145 1154 etad
1160 1093 1251 1156 litora.

248 1185 315 1261 259.
330 1184 372 1241 Ut
384 1181 521 1262 primum
532 1178 702 1237 Mercurius
716 1179 818 1259 tetigit
831 1179 1014 1242 Africanum
1025 1181 1115 1259 litus,
1128 1183 1255 1244 AE'neam

207 1271 365 1354 conspexit
377 1266 563 1328 fundantem
577 1285 675 1340 arces,
688 1267 887 1344 excitantem,
901 1283 932 1329 et
945 1283 1102 1330 novantem
1119 1285 1210 1345 tecta,
1224 1271 1256 1332 id

207 1377 266 1439 est,
281 1359 481 1440 incipientem
502 1355 540 1414 de
557 1375 641 1414 novo
661 1375 743 1416 arces
761 1356 835 1432 sibi,
856 1369 929 1419 tecta
948 1357 1079 1419 civibus.
1099 1361 1165 1436 Qui
1183 1383 1256 1423 vero

207 1453 309 1517 AEneae
324 1442 446 1506 cultus?
459 1442 552 1524 plane
564 1443 684 1522 regius:
702 1454 767 1502 erat
784 1441 831 1502 illi
849 1443 888 1504 ad
904 1445 984 1506 latus
1001 1451 1094 1523 ensis,
1110 1449 1200 1530 cujus
1212 1471 1259 1510 ca·

207 1540 314 1625 pulos,
326 1536 455 1615 vagina,
471 1544 555 1592 totus
567 1531 694 1591 demum
710 1544 776 1592 erat
792 1531 970 1611 distinctus,
982 1547 1136 1619 tanquam
1149 1541 1256 1618 stellis,
1328 1563 1329 1596 ;

207 1630 293 1691 fulva
302 1623 439 1708 iaspide:
456 1635 523 1682 erat
531 1643 568 1682 ex
580 1620 706 1683 humeris
717 1621 840 1682 demissa
854 1619 945 1699 loenu,
958 1638 989 1686 et
1002 1623 1069 1686 haec
1082 1641 1151 1689 tota
1164 1632 1257 1691 inter·
1328 1605 1329 1680 l

207 1715 361 1790 micabat,
382 1713 485 1772 verius
507 1709 629 1771 ardebat
648 1714 736 1792 Tyrio
754 1714 877 1787 murice,
897 1716 952 1794 qui
973 1715 1256 1797 splendidissimus.

207 1807 344 1870 Dederat
357 1820 431 1860 vero
445 1811 510 1858 tam
524 1817 647 1873 ensem,
660 1819 756 1880 quam
767 1813 886 1861 vestem
899 1801 982 1862 Dido
996 1803 1115 1881 AEneae,
1127 1821 1167 1866 ut
1181 1805 1260 1867 divi·

211 1897 270 1954 tias
290 1905 322 1951 et
340 1906 480 1947 amorem
500 1884 695 1946 ostenderet:
716 1887 841 1948 divitias
860 1891 894 1948 in
912 1891 1033 1973 iaspide
1052 1907 1084 1952 et
1103 1915 1259 1978 purpura3

210 1999 364 2052 amorem,
379 1995 454 2036 uam
471 1977 604 2056 ipsamet
615 1974 699 2035 Dido
716 1997 845 2059 operam
862 1999 952 2038 suam
967 1981 1000 2038 in
1014 1994 1135 2041 vestem
1148 2000 1260 2045 contu-

209 2069 300 2143 lerat,
311 2066 489 2126 discernens
499 2062 782 2146 discriminumque
793 2065 869 2125 telas
879 2087 1052 2148 purpureas
1064 2089 1143 2129 auro
1155 2075 1242 2132 tenui
1253 2097 1260 2132 :

209 2160 315 2238 itaque
328 2153 423 2212 vestis
436 2171 471 2210 ea
482 2161 548 2210 tota
562 2165 628 2212 erat
643 2172 679 2212 ex
695 2171 788 2228 auro,
803 2165 834 2212 et
848 2173 998 2235 purpura.

250 2243 317 2303 265.
332 2241 407 2302 ldeo
422 2238 548 2312 inuadit,
564 2251 599 2300 ut
610 2239 776 2299 acerbitate
786 2240 872 2300 verbi
884 2240 1104 2324 praesignificat
1114 2242 1262 2306 habitum
1327 2297 1328 2300 ,

209 2331 322 2393 futurae
333 2329 495 2389 orationis.
507 2325 584 2405 Qum
593 2349 668 2388 vero
680 2327 801 2389 oratio?
813 2332 857 2391 Tu
868 2353 960 2404 nunc,
973 2345 1042 2407 etc,
1054 2337 1164 2394 omnia
1175 2357 1262 2417 paene

209 2416 305 2478 verba
318 2414 483 2496 emphasin
498 2413 623 2477 habent.
646 2420 705 2489 Tu,
720 2418 774 2498 qui
790 2437 807 2474 a
823 2417 938 2477 Graecis
953 2418 1094 2499 ereptus?
1107 2424 1164 2501 qui
1179 2421 1262 2483 filius

210 2501 358 2565 Veneris?
370 2505 425 2584 qui
438 2525 536 2587 nepos
549 2503 654 2564 J'ovis?
664 2507 714 2564 cui
727 2505 883 2586 promissa
897 2505 1006 2564 ltalia?
1020 2511 1053 2568 N
1055 2529 1112 2568 unc
1116 2554 1126 2582 ,
1143 2512 1178 2570 in
1193 2514 1262 2594 ipso

210 2594 319 2676 gloriae
334 2613 444 2669 cursu,
458 2606 488 2654 et
501 2593 600 2654 Italiae
614 2593 722 2652 aditu:
739 2596 873 2676 ipsemet
888 2592 1174 2678 locusfimdamenta
1180 2601 1264 2662 tarbis

211 2682 293 2758 altoe,
308 2703 404 2764 quam
414 2682 481 2742 lieri
494 2684 541 2743 vis
555 2680 663 2756 altam,
678 2703 748 2764 quae
759 2682 833 2758 tibi,
845 2697 878 2744 et
891 2686 953 2744 tuis
968 2684 1094 2746 hostilis
1105 2688 1183 2748 erit?
1195 2711 1264 2751 uxo-

211 2775 326 2853 riusqtoe
334 2773 455 2832 exstruis
465 2770 586 2832 urbem?
594 2770 729 2830 Acerba:
741 2768 826 2845 facis,
837 2790 908 2852 quae
916 2769 974 2831 tibi
985 2793 1065 2832 uxor
1070 2777 1265 2854 praescribit3

210 2881 290 2934 non,
305 2879 375 2940 quae
386 2858 503 2920 faceret
515 2860 540 2919 is
551 2861 614 2935 vir,
630 2879 723 2940 quem
738 2857 804 2918 fata
817 2857 978 2918 destinant
990 2859 1029 2919 ad
1039 2881 1156 2942 magna
1167 2866 1271 2948 impe,

210 2950 258 3006 ria
269 2970 275 3005 z
290 2947 420 3006 uxorius
431 2950 562 3007 omnino
573 2966 620 3006 es:
630 2943 800 3028 pulchram,
812 2945 944 3006 fortasse
954 2948 1087 3025 ironice,
1098 2970 1174 3010 cum
1184 2951 1263 3011 allu-

211 3036 298 3094 sione
317 3031 357 3092 ad
375 3033 593 3115 pulchriorem
611 3036 754 3093 Romam.
774 3036 843 3094 Heu
859 3045 890 3094 te
907 3036 1071 3094 miserum!
1094 3036 1216 3098 oblitus
1233 3059 1262 3098 es

211 3123 293 3204 requi
305 3122 366 3194 tui,
386 3135 418 3179 et
432 3141 527 3179 rerum
541 3133 676 3180 tuarum.-
690 3122 793 3202 regni,
813 3141 887 3180 nam
905 3120 1035 3181 alterius
1052 3122 1138 3182 urbis
1152 3123 1264 3185 funda-

212 3221 317 3268 menta
338 3207 443 3266 locas:
464 3227 570 3266 rerum
587 3221 728 3284 tuarum,
751 3231 849 3290 quum
868 3223 899 3270 te
917 3222 1035 3287 totum,
1055 3232 1123 3272 non
1142 3211 1183 3274 ad
1203 3217 1265 3290 tui,

213 3295 267 3355 sed
282 3293 322 3352 ad
336 3295 444 3353 uxoris
457 3292 622 3352 arbitrium
637 3299 812 3378 componis.
1326 3321 1327 3412 p

253 3382 321 3440 268.
340 3378 498 3460 Explicat,
516 3401 611 3463 aquo
627 3385 741 3444 missus
755 3387 890 3461 venerit,
910 3383 1006 3468 idque
1017 3384 1264 3468 periphrastice:
1326 3419 1327 3422 ¹

215 3523 295 3578 atque
311 3507 378 3560 adeo
397 3510 489 3564 volatu
506 3513 575 3582 leni,
593 3529 619 3569 et
638 3529 713 3574 tran·
757 3531 864 3586 monte,
883 3521 1001 3591 inquam
1013 3518 1148 3571 Atlantem
1162 3533 1265 3592 ΡΜΓειη
1326 3527 1327 3564 3

215 3587 299 3658 quillo
310 3609 316 3638 :
329 3589 366 3638 ita
379 3587 459 3656 alibi,
477 3594 525 3645 «in
538 3595 631 3647 caeluru
640 3599 713 3668 pari·
757 3601 849 3665 Maiae,
871 3620 929 3672 quae
943 3613 1029 3652 mater
1044 3601 1187 3668 Mercurii,
1202 3621 1263 3654 con·

213 3666 264 3717 bus
276 3683 304 3717 se
314 3665 420 3717 sustulit
431 3669 487 3722 alis.
499 3695 510 3720 a
526 3703 560 3713 -
571 3675 710 3745 Cyllenius.
756 3681 836 3731 vertit
845 3681 964 3734 Perseus.
978 3682 1075 3731 Donat.

213 3744 267 3794 Aut
288 3743 424 3800 abavia:
444 3750 515 3804 unde
536 3754 618 3823 paulo
633 3768 710 3824 post,
793 3757 1262 3831 adalrenaffienusrestis,quaeto·

216 3843 228 3868 a
239 3819 359 3892 Cyllenia
370 3825 468 3892 proles.
480 3853 491 3878 n
506 3832 590 3896 Auta
602 3833 711 3904 Cylleno
756 3855 790 3907 ga
800 3836 912 3909 duplex,
929 3840 1041 3889 amictus
1052 3835 1202 3908 augurallsi
1213 3837 1262 3888 ¹¹³⁰

214 3899 335 3952 Arcadica
351 3919 457 3972 monte,
473 3908 520 3960 ubi
539 3911 638 3962 dicitur
655 3931 713 3965 esse
758 3915 844 3967 intlut'i
854 3917 987 3970 Flamines
997 3915 1201 3969 sacrificabant:
1219 3915 1262 3969 alii

215 3980 338 4032 nutritus.
347 3981 417 4035 Serv.
758 3994 915 4047 muliebrem
923 3999 1165 4064 vestem,amat0ri
1174 4009 1261 4068 aptam

246 4057 310 4112 a58.
321 4061 441 4116 Materno
449 4065 544 4119 abacto.
555 4067 596 4119 Ab
606 4068 713 4124 Atlante
758 4067 918 4148 intelligunt.
