2692 4594
232 335 301 400 null
351 269 353 274 Α
562 322 947 393 ῸΟΜΜΕΝΤΑΒΙΛ

273 456 322 537 76.
337 450 472 513 Affectus
490 457 520 511 et
532 449 659 511 effectus
678 449 823 530 proprius
840 447 972 506 amoris:
990 465 1065 506 nam
1080 446 1116 506 in
1131 446 1274 507 conviviis

231 541 522 624 jocrrs,nautilatio,
537 539 691 613 lusitatio,
707 537 804 596 libera
818 535 946 596 demum
957 537 1075 596 omnia.

273 633 322 712 78.
334 631 446 713 lugens
460 629 603 690 affectus!
619 648 688 708 quae
702 627 799 706 longo
813 637 913 685 tractu
930 638 1003 686 sunt
1020 637 1146 686 narrate
1159 627 1225 686 AEu.
1236 626 1273 702 ll,

233 717 341 780 eedem
354 720 466 778 iterum
479 716 548 776 vult
559 713 682 786 audire3
698 733 765 772 non
782 712 844 772 alio
862 724 1063 793 argumento,
1078 735 1175 794 quam
1191 727 1224 774 ut
1236 713 1274 772 di·

231 819 320 866 cente
331 805 424 863 AEnea
438 803 630 885 perfruatur,
650 812 680 860 et
699 799 814 859 demens
834 800 892 873 ait,
910 799 1026 859 affectu
1038 801 1275 860 commiseratio-

230 898 295 972 nis,
305 908 340 954 ut
350 915 444 976 supra
454 891 558 977 infelix
563 917 574 966 ;
586 892 725 972 sequitur
733 889 892 972 pendetque
904 891 1005 950 iterum
1015 894 1164 952 numantis
1172 891 1210 952 ub
1219 912 1275 952 ore.-

229 987 381 1067 Reginam
391 982 512 1043 inducit
521 981 561 1041 ab
574 982 676 1042 AEneae
689 1001 742 1040 ore
753 978 940 1061 pendentem
948 1023 960 1052 ,·
971 979 1058 1060 quasi
1071 981 1119 1038 sui
1133 983 1276 1056 nesciam,

229 1075 310 1137 nihil
328 1071 415 1134 aliud
430 1074 636 1154 cogitantem,
655 1067 736 1130 nihil
753 1067 840 1128 aliud
857 1067 1083 1149 intelligentem
1103 1071 1167 1130 nisi
1184 1092 1277 1132 unum

229 1168 372 1240 AEneam,
388 1162 482 1222 verba
497 1159 575 1242 ejus,
595 1159 723 1233 faciem,
742 1157 882 1233 vultum,
902 1169 992 1218 notas
1011 1159 1126 1232 animi,
1147 1172 1177 1218 et
1195 1161 1277 1240 signe

229 1251 408 1324 oculorum,
423 1249 555 1308 omnino
569 1268 586 1306 a
599 1269 630 1308 se
642 1247 819 1306 alienatam.
833 1245 919 1304 Alius
930 1245 1087 1325 quispiam
1098 1244 1230 1305 fortasse
1243 1248 1275 1304 iu

227 1340 308 1402 illud
322 1339 489 1415 desineret,
506 1337 616 1418 Incipit
625 1336 726 1420 effari,
747 1333 897 1416 mediaque
911 1335 943 1392 in
956 1354 1025 1394 voce
1035 1335 1153 1409 resistit,
1176 1347 1206 1395 et
1219 1333 1277 1395 hoc

227 1450 290 1490 esse
299 1430 470 1488 maximum
480 1437 605 1508 putaret
616 1449 623 1484 ι
636 1445 710 1486 sane
720 1425 777 1486 alii
787 1436 891 1510 poetae
899 1421 1011 1482 fervidi
1023 1435 1107 1499 suut,
1118 1425 1144 1482 si
1156 1422 1227 1484 illos
1239 1445 1280 1483 se«

226 1541 297 1580 cum
306 1519 446 1581 conferas
454 1539 462 1591 3
471 1515 595 1597 frigidi,
606 1516 711 1576 sicum
717 1513 866 1595 Virgilio:
878 1534 978 1574 uuum
987 1516 1279 1596 semperHoratium

227 1613 363 1693 excipio,
387 1611 442 1690 qui
460 1608 645 1688 dignitatem
665 1607 805 1667 Maronis
822 1604 1012 1688 affectusque
1027 1606 1106 1666 mire
1121 1606 1280 1689 exprimit,

202 1745 206 1758 .
226 1700 307 1758 mire
322 1696 500 1758 aemulatur.

267 1789 318 1847 80.
332 1787 470 1862 Quinam
491 1784 630 1866 digressi?
649 1806 691 1845 un·
702 1783 749 1844 illi
765 1787 819 1866 qui
835 1785 1027 1868 apparebunt
1039 1783 1281 1864 coremlleginu

226 1873 444 1952 unusquisque
463 1871 502 1930 ad
515 1873 695 1934 cubiculum
710 1873 824 1932 suum?
841 1874 889 1932 An
906 1892 979 1932 vero
998 1874 1129 1954 ipsamet
1145 1873 1280 1952 Regina,
1309 1916 1312 1922 .

226 1959 292 2040 ipse
303 1960 413 2018 AEnees
427 1957 555 2038 digressi
567 1971 640 2019 sunt
655 1980 672 2018 a
687 1960 850 2035 convivio,
863 1971 918 2019 aut
929 1957 1084 2034 triclinio,
1099 1957 1156 2018 ubi
1171 1958 1281 2038 repeti·

226 2061 259 2108 ta
272 2047 437 2108 convivia?
452 2049 611 2128 Sequitur,
635 2047 788 2131 lumenque
800 2048 920 2110 obscum
933 2049 1058 2108 vicissim
1070 2050 1157 2108 Luna
1169 2049 1280 2129 premit.

225 2135 317 2196 Disce
329 2136 448 2216 poetice
462 2135 561 2194 dicere
573 2135 725 2196 alternam
737 2136 980 2196 vicissitudinem
992 2134 1055 2194 diei
1067 2147 1098 2194 et
1109 2135 1225 2210 noctis,
1238 2153 1282 2194 so·

225 2225 265 2286 lis
275 2239 305 2286 et
314 2224 408 2286 lunae.
423 2226 544 2306 Pergit,
558 2225 736 2308 suadentque
745 2224 878 2286 cadentia
887 2225 980 2285 sideru
989 2245 1123 2284 somnos:
1139 2223 1179 2284 de
1191 2237 1281 2285 nocte

227 2327 358 2375 exeunte
369 2315 521 2395 cupienda
534 2314 600 2376 haec
612 2315 772 2392 videntur,
788 2305 862 2396 quie
874 2318 964 2375 Luna
977 2313 1120 2376 occidens
1135 2335 1225 2374 suam
1236 2315 1281 2375 lu·

227 2425 294 2464 cem
305 2404 420 2468 occulit
430 2425 438 2477 3
449 2404 522 2483 quia
532 2403 643 2480 sidera,
651 2418 687 2465 ut
698 2404 818 2464 AEneid.
832 2406 875 2481 ll,
885 2425 919 2484 9,
930 2401 1159 2465 decedentisin·
1169 2404 1221 2464 die
1231 2425 1281 2464 no

192 2496 196 2504 “
226 2509 268 2549 vo
278 2487 349 2568 jam,
357 2488 631 2570 appropinquante
643 2503 760 2570 cogunt
775 2489 814 2550 ad
828 2511 993 2566 somnum,
1008 2491 1048 2550 iis
1060 2491 1115 2571 qui
1130 2492 1282 2552 noctuvi-

227 2575 377 2655 gilavere,
394 2575 526 2634 omniuo
538 2577 762 2636 necessarium:
778 2588 853 2636 tunc
863 2577 946 2636 Dido
959 2573 1024 2636 sola
1036 2590 1136 2636 moeret
1147 2579 1180 2638 in
1191 2599 1283 2638 vacue

227 2663 324 2724 domo.
340 2665 404 2723 Cur
415 2661 498 2723 sola?
515 2665 589 2744 quia
607 2667 674 2725 sine
690 2666 799 2742 AEnea3
816 2686 889 2725 nam
905 2667 1008 2726 statim
1026 2667 1168 2747 sequitur
1183 2667 1281 2727 absens

228 2752 373 2814 absentem
378 2778 390 2826 ,·
404 2769 470 2813 non
483 2753 567 2835 quod
579 2752 642 2815 sola
657 2758 719 2838 ipso
731 2769 842 2828 moeret,
858 2775 955 2837 quum
966 2754 1078 2836 reliqui
1089 2770 1192 2816 essent
1202 2757 1283 2817 laeta·

227 2841 352 2904 bundi?
363 2843 426 2902 Cur
437 2843 524 2904 domo
536 2845 650 2905 vacua?
666 2853 707 2905 en
721 2846 795 2926 quia
811 2843 938 2926 ampla-i
956 2865 995 2904 an
1012 2846 1084 2925 quis
1100 2863 1201 2906 vacua
1214 2859 1284 2905 stre·

227 2937 312 3016 pitu,
327 2935 361 2993 in
373 2945 528 2994 nocturno
539 2935 663 2994 silentio
672 2932 690 2995 ?'
698 2955 764 2996 non
776 2936 820 2994 ita
829 2955 920 2994 sane:
936 2955 1033 2994 vacue
1048 2933 1163 2994 domus
1174 2948 1219 2996 est
1227 2937 1280 2996 Di-

229 3017 322 3094 doni,
337 3021 411 3102 quia
423 3040 490 3079 non
504 3017 556 3078 hio
568 3020 653 3080 videt
667 3023 793 3102 AEneam
806 3043 912 3096 suum,
928 3042 1020 3102 quem
1031 3019 1097 3102 jam
1110 3022 1282 3105 deperibat.

228 3103 357 3170 incubat
365 3111 473 3180 stratis,
493 3106 610 3166 scilicet
622 3121 691 3170 toro
705 3109 842 3192 epulari,
861 3112 894 3169 in
907 3131 970 3191 quo
984 3111 1074 3190 juxta
1087 3113 1218 3174 AEneam
1232 3113 1284 3172 ad-

229 3195 393 3266 cubuerat3
411 3212 484 3273 ergo
498 3190 579 3250 redit
592 3205 662 3277 post
677 3190 761 3256 illius
776 3217 942 3271 recessum3
958 3213 1103 3280 occupat,
1119 3201 1282 3280 amplecti-

229 3291 282 3341 tur
295 3280 400 3340 locum
411 3297 504 3358 quem
516 3280 616 3338 tenuit
626 3280 695 3358 ille,
708 3304 802 3364 quem
812 3283 956 3364 reliquit:
971 3286 1041 3365 pari
1054 3284 1185 3361 affectu,
1196 3285 1284 3346 illurn

229 3403 731 3474 tominducit2portantpurtoutlet‘rait
773 3412 860 3462 fectus
878 3408 990 3460 amantis
1010 3409 1177 3478 exprimitur:
1196 3409 1281 3460 Scali-

231 3482 295 3533 dont
298 3481 391 3552 je'suis
400 3480 509 3532 dechircs.
773 3505 834 3561 ger,
843 3489 916 3540 Post.
929 3489 979 3553 lll,
993 3505 1039 3556 19,
1051 3487 1183 3558 legendus
1196 3503 1245 3541 est.

266 3559 309 3628 76.
326 3559 425 3630 Incipit
435 3559 516 3632 effari
522 3599 530 3626 ,
550 3564 685 3637 mediaque
701 3567 729 3616 in
810 3568 852 3620 8¹2.
874 3567 937 3620 Sola
953 3568 1031 3619 domo
1048 3581 1154 3618 uacuo:
1174 3571 1233 3622 sinc
1248 3588 1280 3622 eo
1326 3563 1327 3614 l

231 3655 291 3692 uoce
308 3637 405 3688 resistit.
425 3636 468 3702 Sic
487 3641 629 3710 Horatius,
653 3644 730 3696 ..Cur
775 3663 854 3716 quem
867 3646 982 3699 amabat.
998 3645 1080 3698 sicin
1093 3646 1192 3700 eodem
1203 3649 1281 3701 Raci-
1326 3615 1327 3684 l

228 3716 450 3788 iucundaparum
462 3717 730 3778 deoorolnterverbe
773 3726 1282 3798 uioAntioohusametorReginaeBere-
1326 3747 1327 3784 l

231 3797 303 3848 cadit
318 3795 410 3868 lingua
422 3799 546 3854 silentio?
563 3804 645 3854 Amor
659 3806 729 3856 enim
773 3807 846 3856 nices
857 3811 916 3876 quse'
924 3808 1033 3857 Romam
1044 3806 1201 3874 incolebat,
1217 3809 1280 3860 dum
1326 3797 1327 3874 l

231 3889 257 3929 et
268 3877 363 3927 mentis
376 3889 401 3928 et
412 3882 539 3934 orationis
551 3901 629 3935 usum
640 3887 727 3956 eripit.
774 3883 819 3936 ille
829 3888 937 3938 orientis
945 3899 1047 3938 teneret
1054 3905 1183 3958 regnum,
1194 3889 1281 3942 excla-

266 3971 308 4026 79.
321 3953 458 4011 Narrantis
469 3961 500 4012 ab
512 3979 569 4022 ore‚·
579 3973 608 4013 ut
618 3981 677 4013 eum
688 3965 729 4015 in·
773 3969 828 4016 niet
839 3987 845 4016 r
858 3967 930 4018 Dans
939 3965 1049 4020 I'Orient
1060 3966 1150 4022 de'sert
1161 3969 1228 4041 quel
1237 3970 1280 4032 de,-
1326 3955 1327 4026 l

230 4045 364 4114 tueretur,
376 4035 731 4112 etltocloooperomuiuaf·
774 4045 1012 4101 vin-tmonennui!
