2700 4586
332 312 642 386 runumnos
666 317 759 380 Lm.
785 319 834 382 11.
1044 353 1104 418 129

55 453 104 500 tre
125 437 238 511 fortes;
259 457 331 505 nam
350 433 462 496 frustra
485 438 663 498 succurritis
682 437 772 513 urbi,
790 460 862 521 qute,
875 441 942 520 jorn
960 445 1106 513 incendio

56 527 130 588 data
144 527 251 608 praeda
265 527 469 586 consumitur.

98 617 166 678 355.
183 611 344 680 Ardebant
353 611 419 694 jam
432 616 508 694 ipsi3
521 615 574 675 sed
587 616 734 680 oratione
746 619 851 682 AEnete
863 620 1024 688 factisunt
1035 644 1109 688 con-

57 708 230 780 citatiores3
253 705 323 764 ideo
334 704 424 787 saror
442 702 586 790 additura
600 706 741 784 sequitur
762 713 950 790 comparatio
971 728 1044 797 apta
1067 716 1107 777 ad

59 815 135 856 rem.
150 797 231 876 Lupi
245 794 515 869 ferocioressunc
533 814 631 873 quum
645 807 675 854 et
689 797 749 877 ipsi
763 797 863 873 fame,
877 804 978 862 verius
992 808 1108 868 ventris

59 883 158 957 rabie,
175 883 349 963 agitantum
358 895 394 942 et
404 902 504 963 quum
518 901 627 948 eorum
642 882 737 943 catulli
750 885 834 950 sirco
845 902 920 956 ,sunt
932 910 999 966 ore,
1015 913 1051 952 ac
1060 894 1109 973 je.

55 970 141 1051 juni,
160 985 238 1032 tunc
255 973 339 1034 enim
354 991 470 1051 magno
485 970 593 1034 furore
610 965 809 1052 adpraedam
827 977 1015 1042 convolent:
1031 981 1108 1043 tales

59 1059 203 1141 Trojani,
217 1075 254 1122 ut
267 1063 322 1142 qui
334 1081 393 1143 pro
406 1059 651 1140 repugnabant,
663 1074 693 1120 et
705 1070 763 1142 pro
776 1059 898 1137 liberis;
910 1067 949 1126 in·
956 1066 1109 1130 horenim

59 1151 184 1213 vistota
198 1150 453 1232 comparationis.
467 1147 526 1210 Sed
538 1162 611 1209 sunt
620 1149 718 1208 etiem
730 1149 807 1226 elia,
819 1171 890 1232 qute
900 1152 939 1213 ed
950 1155 1032 1216 idem
1042 1179 1110 1238 per·

60 1240 179 1300 tinent:
202 1259 276 1301 nem
288 1240 361 1319 quia
374 1237 502 1316 Trojani
516 1235 694 1299 edomibus
708 1253 823 1298 exeunt
834 1246 1018 1320 pugnaturi,
1036 1247 1108 1308 ideo

61 1326 128 1408 lupi
140 1325 289 1392 dicuntur
298 1327 378 1408 exigi
388 1347 405 1388 e
417 1327 481 1386 suis
491 1323 615 1398 lustris3
630 1326 704 1406 quia
716 1323 836 1388 belluni
847 1325 909 1390 hoc
917 1343 1110 1396 nocturnum

60 1412 134 1488 fuit,
146 1414 218 1476 ideo
233 1429 296 1478 utra
311 1418 343 1478 in
354 1411 479 1476 oebalu:
493 1411 572 1473 adeo
585 1415 693 1474 omnia
703 1413 790 1474 ridet
800 1415 906 1476 Maro!

100 1501 169 1562 361.
183 1503 298 1585 Incipit
310 1504 419 1564 AEueas
432 1521 575 1575 narrare,
589 1522 659 1582 quae
673 1503 739 1583 ipse
753 1502 866 1584 viderit
881 1503 1035 1582 facinora3
1050 1530 1108 1574 cae-

61 1590 130 1664 des;
151 1592 233 1664 vim3
254 1603 356 1672 atque,
370 1588 449 1650 adeo
470 1589 616 1670 deinceps
638 1589 832 1652 luculentior
852 1606 913 1667 est,
930 1609 963 1655 er
983 1597 1110 1658 uberior

58 1700 162 1754 ¹sermo
172 1680 212 1740 do
223 1678 360 1762 Trojena
368 1679 546 1740 calamitate
558 1671 727 1740 {hactenus
738 1683 822 1740 enim
833 1697 959 1744 narrata
970 1699 1109 1762 tantum,

61 1789 132 1850 quae
145 1767 192 1826 vel
204 1769 238 1828 in
253 1761 369 1830 somnis
382 1768 532 1828 nunciata
545 1765 584 1826 ab
597 1769 747 1843 Hectore,
762 1767 810 1828 vel
823 1791 880 1852 per
889 1792 1046 1836 summam
1055 1797 1109 1838 au·

61 1855 127 1916 dita
147 1877 165 1916 a
187 1856 451 1920 Pantheo..lnitin
470 1859 623 1918 sermonis
644 1859 718 1938 epla
735 1871 779 1917 est
797 1858 836 1918 ad
852 1866 1109 1943 conquestionem

63 1943 264 2020 exclamatio,
278 1967 374 2026 wem
385 1943 514 2025 adjuvat
524 1948 683 2026 repetitio,
695 1947 861 2029 redditque
873 1953 1049 2013 acriorem..¹

101 2033 169 2095 363.
200 2037 281 2095 Mira
303 2035 454 2109 brevitas,
481 2049 512 2094 et
531 2034 600 2094 aliis
620 2035 688 2114 jam
711 2056 867 2117 expensa:
896 2037 979 2098 nlhil
1004 2044 1109 2121 potuit

60 2123 214 2204 grandius
228 2123 346 2200 dicere,
359 2138 391 2184 et
403 2123 484 2184 nihil
495 2123 576 2184 dixit
589 2126 726 2186 brevius.
896 2127 902 2140 ‘
968 2136 971 2145 ’
1014 2149 1017 2160 ·

99 2210 170 2286 364.
185 2212 302 2272 Dilatet
317 2211 456 2286 cladem,
466 2212 578 2292 primo
593 2233 614 2270 a
629 2211 1013 2285 multitudine‘caesorum3
1032 2237 1108 2276 ,nam

60 2313 228 2362 rtemunntr
241 2299 370 2382 plurimu
386 2321 506 2381 «torpore
517 2299 643 2359 :obiter
661 2314 737 2359 nota
755 2299 927 2380 elegantem
943 2301 1106 2384 periphra-

61 2391 110 2448 sin
122 2389 319 2451 cadaverum.
339 2389 425 2467 Quid
436 2391 524 2450 enim
539 2401 584 2448 est
598 2387 741 2463 cadaver,
761 2390 822 2448 nisi
835 2393 953 2471 corpus.
962 2392 1059 2467 inens,
1079 2406 1109 2454 et

59 2473 125 2555 jem
144 2477 292 2540 suetum?
311 2477 429 2538 Dilatat
445 2475 558 2536 deinde
574 2498 592 2536 a
608 2477 697 2552 tucis,
714 2497 793 2537 -nam
809 2476 904 2537 nullae
921 2478 1110 2554 viaesnullee

62 2562 190 2640 domus,
204 2566 293 2626 nulla
303 2566 422 2648 templa
431 2566 590 2624 immunia
603 2579 696 2626 tentae
710 2564 885 2626 cladis'ust
898 2568 930 2624 in
944 2565 994 2626 his
1009 2573 1109 2628 omni-

64 2650 124 2719 bus
136 2656 243 2725 αὔξησις
253 2655 393 2737 elegans.
410 2659 510 2716 liuere
523 2656 648 2731 urbem,
665 2676 816 2736 magnum
827 2669 857 2734 et
871 2654 994 2728 dirum:
1014 2660 1110 2717 sterni

63 2744 160 2819 cives,
180 2742 282 2825 meJ'us
299 2760 329 2805 et
345 2745 461 2804 dirius:
480 2746 598 2806 versari·
611 2743 731 2803 cladem
750 2745 784 2801 in
799 2744 875 2823 ipsis
889 2741 1029 2822 templis3
1048 2743 1109 2802 hoc

64 2834 255 2909 maximum,
272 2849 305 2894 et
318 2835 517 2902 dirissimum.
535 2834 661 2893 Dictum
675 2851 748 2890 vero
759 2829 824 2889 hoo'
835 2829 944 2910 procul
956 2828 1055 2888 dubio
1070 2828 1110 2890 ad

65 2918 219 2980 invidiam
231 2920 427 2996 Graecorum,
442 2922 496 3002 qui
509 2940 548 2979 ne
560 2917 684 3000 templis
698 2915 825 2998 quidem
839 2929 1010 2996 parcerent.

105 3010 174 3070 366.
189 3012 263 3072 Non
277 3013 339 3091 eibi
355 3013 469 3072 desunt
487 3013 520 3070 in
536 3007 594 3069 hac
611 3029 644 3068 re
659 3007 803 3086 Trojani3
821 3018 856 3064 ut
870 3017 1017 3086 possunt,
1035 3025 1112 3086 pug-

65 3113 151 3158 nant.
166 3099 297 3160 Dictum
308 3097 369 3160 hoc
381 3100 421 3160 ad
433 3097 619 3180 dignitatem
630 3097 748 3171 dinen,
760 3096 830 3176 qui,
845 3113 909 3176 qua
923 3105 1026 3152 rueret
1038 3111 1110 3152 cum

67 3233 132 3284 ltem
153 3235 251 3288 scimus
272 3248 385 3288 mortem
407 3235 568 3308 captivitatis
614 3233 647 3284 sit
659 3251 733 3285 suam
744 3235 841 3296 vitam,
855 3231 876 3286 is
887 3227 1111 3286 alienaedominue

68 3330 124 3365 esse
137 3313 295 3367 remedium.
309 3317 367 3366 lloc
384 3335 446 3388 ergo
460 3313 569 3379 suadet,
616 3325 671 3372 est,
686 3325 752 3364 teste
765 3310 864 3362 Seneca
874 3307 956 3376 Epist.
968 3307 1012 3356 Ν.

68 3405 97 3443 nt
115 3406 161 3445 eut
177 3393 365 3466 desperatione
381 3397 506 3458 vincant,
523 3405 569 3444 eut
648 3393 709 3444 361.
722 3387 884 3459 QuiaEtiem
891 3386 1112 3451 Groeoorumrut,

69 3473 165 3524 vitetur
181 3485 268 3526 morte
284 3475 435 3546 captivitas.
449 3475 519 3527 Seru.
534 3501 569 3510 -
617 3474 697 3542 «quis
708 3471 773 3521 talia
782 3467 873 3519 fendo.
885 3489 896 3511 υ
908 3466 940 3514 Εῑ
951 3465 1019 3516 bene
1032 3468 1112 3518 inter-

69 3553 108 3604 lta
119 3572 182 3608 euos
191 3554 343 3620 AEneas,ut
354 3554 427 3626 apud
436 3556 570 3610 lustinum
614 3565 694 3621 rupte
712 3549 867 3602 narratione
887 3544 1062 3612 exclamavit,
1081 3558 1112 3598 nt

63 3634 201 3689 leonidas
219 3637 259 3699 ll,
276 3652 329 3701 rev,
344 3653 409 3688 snos
427 3633 568 3698 firmabat,
616 3633 743 3684 affectum
755 3638 880 3679 moveret.
891 3625 960 3676 Seru.

70 3728 124 3768 aut
137 3719 177 3780 ire
194 3734 223 3768 se
239 3727 335 3786 parato
350 3715 388 3768 ad
400 3713 570 3770 moriendum
650 3709 711 3764 363.
731 3707 792 3760 Urdr
804 3705 920 3778 antiqua.
935 3705 984 3756 Vel
997 3703 1110 3758 nobilis:

68 3797 158 3852 animo
189 3796 290 3848 scireut
317 3809 344 3850 et
373 3795 570 3857 meminissent,
616 3784 1114 3859 velquiedunbusnrillibusortingen-

72 3873 294 3947 qualitercunque
319 3873 502 3948 praeliantibus
526 3889 571 3924 ca·
617 3873 651 3924 tis
669 3868 744 3920 annis
761 3863 1050 3937 repraesenlfirmatur
1064 3889 1070 3916 :
1086 3877 1113 3918 er

70 3953 192 4008 dendum
202 3971 293 4008 esee.»
308 3955 375 4010 Tele
387 3953 486 4027 quibus
498 3951 572 4004 sedet
606 3946 692 4021 ,quod
703 3948 737 3998 rit
751 3947 859 4018 antique
866 3983 874 4010 ‚
891 3947 949 4015 ipse
963 3946 1112 4015 subJ'unkit,

71 4034 231 4102 consiliam,
244 4037 574 4108 etquirqnisitacontem·
621 4028 745 4082 «Multos
765 4026 902 4080 ¹dominata
920 4043 970 4096 per
989 4043 1082 4078 annea
1098 4044 1110 4068 ι

142 4121 169 4174 6.
914 4131 935 4181 ’9
