2700 4586
237 318 280 406 93
566 303 948 374 couunnranm

239 437 317 522 quid
328 436 468 495 facturus
482 443 562 493 esset
572 430 688 505 hostis,
700 431 726 489 si
739 428 806 489 haec
816 443 965 488 narraret.
979 429 1022 487 Ea
1033 431 1118 488 enim
1130 429 1192 490 fuit
1202 433 1280 492 Tro-
1343 469 1344 508 3

236 530 311 608 jana
326 523 503 596 calamitas,
523 534 559 580 ut
571 522 681 579 AEneas
696 529 800 600 putet,
816 519 902 599 ipsos
916 519 1011 578 etiam
1025 519 1151 579 Graecos
1166 521 1281 580 excidii

239 625 378 674 auctores
388 609 487 670 effuse
497 609 686 690 ploraturus.
696 607 818 682 Tertio,
830 607 904 688 quia
915 619 960 666 cst
972 609 1071 666 noctis
1082 629 1205 667 serum:
1220 629 1281 668 nox

240 705 325 764 enim
343 722 376 761 se
394 701 586 782 praecipitat,
605 712 637 758 et
655 695 771 772 sidera,
793 717 862 777 quae
879 709 1044 778 appetente
1061 695 1130 757 luce
1149 697 1282 773 cadunt,
1343 687 1344 762 l

236 793 366 853 'somnos
379 787 528 850 suadent:
548 787 616 848 haec
631 788 794 847 sententia.
814 785 987 859 Considera,
995 807 1105 846 vocem
1117 808 1199 868 opes,
1214 807 1283 868 quae
1343 779 1344 818 ³

239 903 300 942 vox
313 879 447 940 includit
458 879 580 952 omnia,
595 897 665 958 quae
676 877 836 958 pertinent
850 873 890 933 ad
904 873 1075 934 humanam
1089 875 1284 942 felicitatem.
1343 891 1344 936 t

239 967 324 1045 Quid
343 988 407 1027 non
423 964 472 1025 his
488 963 648 1046 concipis?
670 963 838 1024 duritatem
855 961 973 1042 Ulyssis
992 965 1092 1044 possis
1111 961 1227 1022 referre
1247 963 1286 1022 ad

240 1059 367 1117 insitam
380 1056 447 1136 ejus
461 1053 626 1130 ferociam,
640 1052 690 1114 vel
703 1053 743 1113 ad
754 1051 955 1114 tolerantiam
966 1051 1126 1128 laborum,
1141 1065 1178 1112 ut
1187 1055 1288 1112 Hora·

241 1149 302 1208 tius
317 1145 411 1220 dixit,
422 1142 517 1226 proles
527 1146 662 1226 patientis
680 1146 710 1203 U
710 1139 786 1222 [yssi.

237 1227 239 1232 ¹
284 1255 329 1294 ιο.
348 1235 492 1293 Insinuat
510 1253 543 1292 se
559 1229 707 1312 praeclare
722 1230 756 1288 in
774 1231 908 1309 gratiam
923 1229 1071 1303 Didonis,
1086 1251 1184 1312 quum
1202 1229 1288 1290 illius

238 1326 334 1406 jussis
347 1321 559 1404 obtemperet,
572 1320 628 1380 ubi
640 1317 753 1400 triplex
765 1329 811 1377 est
823 1321 905 1380 ratio
916 1318 1027 1380 efficax
1037 1319 1077 1380 ad
1087 1320 1290 1380 avertendam

241 1411 428 1472 memoriam
445 1430 463 1468 a
478 1407 546 1466 dira
563 1405 662 1466 clade.
682 1406 718 1464 ln
735 1403 791 1464 illo
805 1425 917 1472 versu:
936 1411 979 1468 Et
995 1407 1113 1470 breviter
1131 1404 1227 1491 Trojoe
1245 1429 1290 1468 su-

239 1520 373 1584 premum
393 1495 493 1557 audire
513 1492 654 1567 faborem,
675 1507 723 1553 est
741 1492 828 1554 locus
845 1493 1027 1570 docilitatis,
1047 1508 1079 1556 et
1093 1497 1289 1556 attentionis.
1343 1485 1344 1552 l

242 1586 328 1667 Quid
340 1587 424 1646 enim
438 1585 540 1666 aptius
553 1580 593 1642 ad
605 1580 815 1658 docilitatem,
828 1604 924 1666 quam
935 1583 1072 1644 breviter
1086 1605 1118 1652 se
1131 1583 1293 1644 dicturum

242 1695 308 1736 rem
321 1673 441 1752 integro
453 1670 606 1732 decennio
617 1671 754 1752 gestam?
763 1671 847 1748 Quid
859 1671 1008 1752 grandius
1019 1671 1059 1731 ad
1069 1673 1290 1745 attentionem,

244 1781 340 1843 quam
356 1778 519 1838 supremus
538 1756 629 1818 labor
645 1757 765 1838 Trojae?
782 1756 945 1820 Absolvit:
967 1778 1146 1840 quanquam
1168 1759 1292 1816 animus
1343 1773 1344 1840 ᾗ

240 1842 370 1908 ¹horreat
380 1845 483 1906 diram
497 1849 698 1922 memoriam,
708 1847 890 1930 divinetque
905 1847 1041 1922 luctum,
1055 1868 1091 1908 ac
1103 1845 1237 1928 perinde
1249 1865 1292 1904 re·
1343 1841 1344 1926 l

243 1937 344 2016 fugiat
360 1939 572 1996 narrationem
590 1935 839 2011 acerbissimam,
858 1951 964 1997 tamen
982 1937 1141 2018 incipiam.
1161 1936 1293 1995 Adverte
1343 1931 1344 2004 l

244 2026 278 2082 in
289 2023 384 2082 verbo
396 2025 544 2104 Incipiam
556 2021 749 2084 celeritatem
760 2022 850 2105 pedis
861 2021 1023 2105 dactylici,
1036 2021 1076 2081 ad
1090 2019 1294 2080 indicandam
1343 2013 1344 2072 l

245 2109 439 2171 celeritatem
458 2109 716 2192 obtemperantis.

292 2197 336 2256 13.
356 2197 474 2278 Incipit
493 2219 511 2256 a
530 2199 712 2258 Graecorum
728 2195 912 2259 fraudibus:
930 2194 1045 2257 harum
1062 2193 1179 2276 duplex
1191 2213 1295 2266 causa,
1343 2235 1344 2264 3

246 2285 409 2361 videlicet,
425 2285 519 2367 longa
533 2286 610 2348 belli
622 2309 726 2364 mora,
741 2309 804 2370 qua
816 2287 863 2348 illi
875 2287 983 2362 fracti3
997 2285 1127 2346 adversa
1139 2282 1219 2357 fata,
1232 2284 1296 2362 qui·
1343 2273 1344 2326 l

247 2371 309 2432 bus
321 2373 415 2431 victi:
436 2371 507 2432 ideo
523 2394 597 2454 ergo
612 2377 754 2436 conversi
770 2375 810 2434 ad
825 2375 944 2452 dolum.
969 2371 1027 2434 Sed
1040 2373 1109 2451 quis
1123 2369 1176 2430 bic
1191 2367 1297 2428 dolus?

242 2459 340 2537 ¹Audi
361 2461 688 2534 Graecorumflductores
707 2463 864 2544 (intellige
883 2484 948 2522 non
968 2459 1072 2521 solum
1089 2462 1295 2539 Agamemno·
1343 2473 1344 2476 ’

249 2569 336 2624 nem,
354 2561 383 2607 et
399 2548 592 2626 Menelaum,
611 2549 666 2610 sed
686 2549 780 2611 duces
798 2549 953 2631 reliquoS,
972 2565 1110 2628 quorum
1124 2565 1225 2626 opera
1236 2545 1297 2604 eni·
1343 2619 1344 2622 Ἴ

252 2638 314 2696 tuit
328 2639 361 2696 in
372 2637 509 2716 Trojano
521 2637 623 2726 bello)
635 2639 782 2733 cpdficant
796 2638 955 2700 labentibus
967 2649 1010 2698 tot
1018 2635 1119 2708 annu,
1138 2655 1246 2716 equum
1257 2632 1298 2692 di·

243 2811 284 2869 'et
297 2815 413 2888 denique
429 2817 541 2890 patrem.v
563 2821 604 2874 De
624 2821 758 2896 principio
803 2821 896 2874 caelum
911 2818 1108 2871 transvectione
1124 2804 1195 2866 vide'
1205 2815 1300 2864 Excur-
1343 2859 1344 2880 ,

246 2891 336 2966 ¹hujus
348 2896 424 2963 libri,
437 2897 506 2950 etde
518 2901 550 2952 iis
561 2901 608 2971 qni
620 2919 657 2953 res
671 2899 761 2973 Troja-
802 2921 858 2955 sum
868 2901 911 2966 II,
924 2899 977 2952 vol.
988 2899 1025 2963 ll,
1037 2915 1099 2968 pag.
1113 2895 1174 2946 321.
1343 2883 1344 2898 ¹

255 2993 304 3026 aas
317 2977 496 3045 scripserunt,
510 2978 571 3030 vide
581 2979 759 3036 luculentissi-
842 2999 881 3032 11.
891 2981 1054 3052 Supremam.
1062 2977 1237 3034 Postremum,
1245 2967 1302 3020 ulti·

256 3073 330 3106 mum
347 3058 491 3108 Excursum
508 3059 538 3122 I,
558 3059 612 3109 vol.
632 3061 673 3124 ll,
694 3078 757 3131 pag.
803 3058 967 3119 mumdici13
980 3056 1144 3108 eversionem
1157 3050 1303 3102 enim'l'ro·

258 3133 408 3186 301-320.
428 3165 464 3174 -—
484 3135 546 3204 Quis
565 3136 637 3188 talia.
657 3139 759 3205 Quaeris
801 3143 835 3210 jae
849 3150 969 3202 tantum,
986 3135 1090 3186 omissis
1105 3129 1304 3202 superioribus,

259 3232 302 3266 me
318 3232 444 3281 narrare,
462 3232 520 3284 quae
537 3217 617 3267 etiam
633 3215 718 3267 hostis
737 3219 761 3268 si
804 3216 985 3270 narrat.Serv.
1343 3265 1344 3280 ζ

260 3293 379 3362 audiret,
399 3313 454 3346 non
476 3293 622 3347 abstineret
644 3313 660 3346 a
676 3295 760 3366 lacry-
844 3286 1304 3364 13.Ineipiam.Deest,tamm=quia
1343 3293 1344 3346 t

250 3375 318 3434 ,mis
329 3404 365 3414 —-
376 3374 476 3426 Fando.
489 3375 563 3426 Dum.
571 3376 628 3446 ipse
640 3374 707 3426 dicit
715 3377 762 3426 mi·
807 3392 888 3445 quum
898 3373 1063 3444 praeponitur
1075 3383 1227 3440 quanquam
1237 3403 1245 3430 ,
1258 3383 1306 3415 ue-

259 3451 314 3502 les:
326 3453 391 3504 alibi
400 3453 464 3506 dnm
473 3445 585 3517 dicitur3
594 3465 637 3519 nt,
650 3454 771 3520 «Fando,
806 3471 878 3506 cesse
889 3465 929 3505 est
940 3452 1065 3522 subjungi
1078 3460 1173 3500 tamen.
1181 3441 1306 3494 ss-chtf

252 3529 365 3598 ¹aliquid
381 3533 404 3583 si
417 3535 489 3586 forte
506 3546 566 3586 tuas
586 3536 709 3604 pervenit
727 3533 762 3585 ad
804 3531 880 3585 bello.
897 3533 972 3584 Brue
984 3527 1104 3582 defendit
1120 3539 1228 3574 causam
1246 3537 1306 3572 sno-

252 3623 351 3658 .aures.
364 3629 391 3656 »λ
797 3632 881 3675 ¹rum,
898 3610 973 3680 quod
989 3612 1017 3660 in
1030 3605 1102 3660 bello
1118 3621 1174 3654 non
1192 3603 1304 3670 impuras

254 3738 256 3746 ,
299 3686 760 3762 9.Praecipitat,proProecipitatur:
806 3690 915 3746 fuerint.
927 3685 1032 3758 Duplex
1043 3694 1161 3756 ergorest
1170 3681 1199 3732 in
1212 3679 1263 3730 boo
1276 3677 1307 3728 li-

264 3764 374 3816 verbum
392 3784 443 3835 pro
456 3767 556 3830 verb0;
574 3782 601 3821 et
616 3769 683 3832 duas
698 3787 763 3822 cau·
807 3758 858 3822 bro
867 3769 1001 3832 intentio,
1015 3784 1049 3817 ne
1063 3763 1106 3816 vel
1117 3761 1227 3829 Tr⁰jaev
1236 3755 1306 3829 (Ιῦοἀ

256 3860 308 3896 ¹aas
327 3844 485 3914 praetendit,
509 3848 607 3916 quibus
629 3847 764 3902 dicitnon
808 3837 1307 3912 victaes13velAEneaeturpe-videatur

254 3939 345 3994 ,posse
363 3923 488 3976 universa
502 3927 765 3991 narrari‚,udolorem
810 3948 881 3994 esse,
893 3927 967 4000 quod
975 3927 1052 3995 fugit.
1064 3925 1134 3976 Seru.

256 4016 295 4070 ,et
306 4015 419 4091 tempus.
432 4004 501 4056 Sem.
517 4033 551 4045 -—
563 4007 604 4058 De
619 4009 705 4058 noctis
717 4027 766 4078 por
850 4005 889 4062 15.
905 4009 1019 4080 Equum.
1033 4004 1073 4055 De
1086 4001 1139 4054 hoc
1154 4017 1224 4068 equo
1237 3997 1306 4048 varie
