2700 4586
234 304 280 384 64
566 298 946 366 COMMENTARIA

236 425 273 486 ll.
291 427 333 500 X,
354 423 408 485 ubi
425 420 558 482 historia
576 419 642 482 haec
661 418 807 494 hahetur3
829 421 1015 500 tragoediam
1031 422 1107 482 item
1123 421 1287 508 Euripidis

238 511 276 571 de
288 509 407 585 Rheso,
419 527 514 590 quam
523 508 670 570 nonnulli
682 506 828 588 Sophocli
839 508 1024 567 attribuunt.
1037 510 1167 571 Videtur
1177 527 1285 572 autem

237 599 390 672 rationein
402 595 545 671 reddere,
564 597 653 678 quasi
669 593 770 654 dieat:
787 596 946 674 agnoscit,
968 597 1040 676 quia
1052 596 1121 656 vele
1135 613 1224 658 erant
1237 602 1286 658 ni-

237 707 310 746 vea:
329 685 459 745 historia
476 685 613 744 breviter
631 682 696 744 htec
715 695 776 742 est:
796 679 915 742 Rhesus
930 680 1086 742 Thracum
1104 687 1182 761 Rex,
1198 685 1284 746 filius

237 775 346 836 Eionei
364 774 557 854 (Homerum
569 791 696 852 sequor-3
716 769 770 830 alii
786 768 889 830 filium
903 769 1024 830 faciunt
1040 770 1180 832 fluminis
1197 775 1284 856 Stry-

240 867 360 940 monis;
380 865 516 938 Servius,
536 863 647 923 Martis
665 875 699 920 et
720 861 888 941 Euterpes)
907 859 1050 940 Trojanis
1071 861 1110 920 ad
1129 862 1286 922 auxilium
1342 913 1343 916 ,

238 956 339 1028 venit,
351 975 422 1014 cum
435 952 495 1012 hoc
508 951 652 1026 oraculo,
668 951 819 1010 invictum
834 969 867 1008 se
881 947 961 1024 fore,
977 950 1087 1010 urbem
1100 973 1225 1033 quoque
1237 953 1286 1010 in·
1342 977 1343 1020 j

237 1044 368 1116 victam,
380 1045 405 1102 si
418 1042 490 1122 equi
502 1041 601 1122 ipsius
612 1037 743 1099 herbam
754 1038 881 1098 ederent
892 1039 973 1098 intra
987 1037 1113 1116 urbem,
1125 1055 1157 1101 et
1166 1061 1286 1122 aquam
1342 1065 1343 1072 ¹

236 1131 353 1192 Xanthi
373 1129 523 1190 biberent.
546 1128 653 1204 Quum
671 1147 740 1187 sero
763 1127 955 1202 accessisset,
971 1139 1004 1187 et
1020 1127 1163 1209 Trojanae
1182 1144 1287 1210 portae

236 1231 336 1278 essent
344 1219 467 1292 clausae,
479 1213 769 1298 ipsepropeurbem
777 1226 873 1274 castra
881 1216 1055 1276 constituit.
1063 1217 1235 1300 Dictyslib.
1244 1219 1286 1277 11.

237 1307 305 1366 Oen
317 1305 453 1367 insulam
464 1305 622 1376 nominat,
641 1316 712 1362 ante
726 1321 823 1383 quam.
835 1314 939 1362 castra
951 1305 1074 1385 posuit:
1094 1305 1288 1364 resciverunt

235 1393 268 1452 id
287 1414 323 1454 ex
338 1393 461 1453 Dolone
477 1389 643 1450 Diomedes
658 1403 689 1450 et
705 1389 844 1470 Ulysses,
864 1411 899 1450 ac
914 1411 971 1471 per
986 1411 1133 1452 somnum
1148 1395 1287 1473 aggressi

235 1482 390 1557 Rhesum,
401 1495 495 1562 atque
508 1478 696 1554 occidentes,
708 1499 805 1558 equos
819 1491 962 1538 avertunt
976 1479 1016 1538 ad
1031 1481 1211 1541 Grreeorum
1222 1502 1286 1542 cas·
1342 1485 1343 1488 ’

235 1583 292 1630 tra.
305 1569 341 1628 In
353 1567 411 1627 hac
423 1567 553 1626 historia
568 1565 717 1646 Virgilius
730 1586 803 1626 curn
814 1567 907 1649 Diety
921 1581 951 1626 et
964 1569 1102 1628 Homero
1114 1571 1286 1629 consentit.

236 1654 418 1716 Eustathius
436 1668 542 1714 tamen
558 1655 617 1730 ait,
635 1653 809 1714 Pindarum
825 1653 975 1731 scribere,
993 1654 1131 1716 Rhesum
1150 1677 1215 1716 una
1234 1655 1287 1716 die

235 1761 403 1824 pugnasse,
423 1754 517 1822 atque
531 1739 711 1802 detrimenti
725 1741 862 1802 multum
873 1743 989 1802 Graecis
1004 1741 1157 1804 intulisse.
1173 1746 1236 1818 Tu,
1258 1746 1286 1802 si

236 1828 338 1910 placet
350 1842 514 1888 auctorum
527 1828 596 1890 loca
609 1829 767 1906 conferre,
779 1829 850 1890 vide
863 1831 1067 1912 Spondanum
1077 1831 1113 1890 ll.
1124 1833 1162 1906 X,
1173 1845 1202 1892 et
1212 1831 1287 1891 Phi-

235 1915 403 1976 lostratum
415 1918 448 1976 in
463 1917 614 1977 Heroicis.
637 1919 712 1978 Haec
723 1930 770 1977 est
785 1916 925 1978 historia.
939 1917 1059 1978 Addam
1074 1921 1231 2002 quapiam
1246 1918 1288 1978 ad

237 2001 364 2084 plenam
386 2005 617 2085 cognitionem:
640 2005 769 2087 prodita,
792 2006 925 2066 subaudi
948 2028 965 2065 a
985 2005 1126 2066 Dolone:
1150 2009 1183 2065 in
1206 2007 1288 2082 illis,

236 2093 331 2173 primo
349 2115 465 2167 somno,
484 2095 636 2154 excitetur
656 2093 803 2156 affectus:
823 2096 874 2154 vix
894 2097 978 2154 enim
997 2093 1160 2175 degustata
1181 2099 1289 2155 somni
1332 2115 1343 2171 j

239 2177 418 2256 dulcedine,
434 2179 533 2242 hostis
549 2181 667 2243 adfuit:
680 2183 748 2244 vult
759 2185 882 2246 Servius
895 2184 1013 2257 notari,
1029 2185 1204 2264 graviorem
1214 2198 1288 2244 tum
1342 2219 1343 2232 ι

240 2288 388 2330 somnum
400 2290 480 2342 esse:
501 2271 571 2330 ideo
587 2291 661 2352 ergo
678 2270 771 2352 prodi
786 2285 860 2330 tunc
873 2283 1058 2352 potuerunt,
1078 2272 1150 2350 quia
1164 2273 1288 2353 primus
1342 2285 1343 2320 ἲ

240 2376 377 2417 somnus.
390 2358 499 2418 Obiter
513 2359 599 2420 disce
610 2359 741 2440 phrasin
754 2359 894 2440 Virgilii,
908 2379 1043 2418 somnum
1054 2379 1111 2438 pro
1125 2375 1218 2421 noete
1234 2384 1288 2422 ca-

239 2446 301 2526 pit3
320 2466 394 2504 nam
407 2468 525 2507 somnus
536 2450 646 2528 primus
660 2460 704 2508 est
715 2469 779 2508 nox
790 2449 902 2529 prima.
915 2449 973 2506 Sic.
986 2449 1000 2506 l
1013 2447 1123 2526 Georg.
1137 2448 1227 2509 Libia
1241 2452 1289 2511 dic

238 2537 402 2617 somnique,
415 2551 472 2596 etc.
489 2534 622 2616 Tydides
634 2535 870 2610 estDiomedes,
887 2548 1003 2615 epatre
1014 2535 1138 2616 Tydeo:
1157 2538 1189 2594 in
1203 2539 1287 2614 illis,

240 2619 334 2682 multa
345 2621 476 2684 vastabat
485 2621 561 2682 ccede
573 2637 721 2699 cruentos,
740 2623 853 2684 alludit
867 2621 906 2682 ad
920 2621 1000 2682 feras
1005 2666 1015 2696 ‚
1035 2642 1132 2703 quum
1149 2627 1289 2686 saeviunt

240 2723 422 2794 vastantque
432 2712 536 2772 ovilia.
548 2713 712 2774 Genitivus
725 2707 818 2795 Trojoe
827 2732 891 2786 esse
900 2723 1003 2792 potest
1013 2710 1061 2770 vel
1071 2715 1288 2794 possessionis,

241 2810 276 2857 ut
287 2797 369 2860 dicat
376 2798 485 2883 pabula
498 2797 608 2884 Trojoe:
621 2799 671 2860 vel
682 2813 786 2882 potest
797 2801 912 2880 signari
924 2797 1027 2874 locus,
1039 2812 1075 2858 ut
1086 2794 1181 2874 dicat,
1192 2804 1287 2882 prius·

241 2911 331 2971 quam
344 2901 505 2970 gustassent
513 2887 625 2970 pabula
639 2892 671 2949 in
684 2887 753 2950 arbe
769 2885 875 2971 Trojoe,
895 2901 924 2948 et
936 2885 996 2947 hoc
1009 2885 1127 2947 malim.
1142 2887 1182 2946 Et
1193 2903 1287 2964 nota,
1342 2927 1343 2948 2

241 2975 324 3037 hanc
343 2976 508 3038 historiam
530 2990 561 3036 et
581 2978 697 3040 caedem
716 2979 773 3038 uni
792 2977 920 3037 attribui
936 2977 1083 3038 Diomedi
1100 2997 1138 3036 ex
1155 2975 1286 3052 decoro;

243 3086 308 3126 non
320 3065 403 3125 facta
414 3067 573 3126 mentione
582 3066 712 3148 Ulyssis,
725 3067 780 3149 qui
790 3086 909 3141 comes;
924 3085 998 3124 narn
1012 3068 1100 3148 prior
1109 3065 1177 3143 ille,
1190 3081 1286 3150 caput

243 3165 275 3216 et
287 3156 431 3236 princeps
444 3153 546 3214 caedis.

281 3286 350 3371 474.
371 3290 532 3370 Cognosce
554 3298 652 3370 poetae
672 3301 824 3363 mentem,
846 3288 953 3368 quiin
972 3289 1106 3368 gratiam
1126 3288 1231 3348 AEneae
1249 3307 1284 3348 ea

244 3378 393 3460 praedicat
411 3377 449 3436 de
467 3377 598 3453 Graecis,
618 3395 687 3458 quae
706 3376 769 3436 illis
785 3376 938 3436 invidiam
954 3389 985 3436 et
1002 3375 1166 3436 infamiam
1183 3377 1285 3436 conci·

244 3467 332 3525 liant.
343 3469 441 3546 Supra
450 3465 580 3526 insidias
590 3467 623 3526 in
633 3465 785 3541 Rhesum,
796 3487 869 3526 nam
879 3478 971 3526 eastra
980 3465 1109 3547 prodita3
1118 3485 1201 3524 nunc
1210 3485 1285 3546 pug-

245 3572 319 3613 nam
329 3551 455 3612 Achillis
465 3575 535 3614 curn
546 3574 661 3636 puero,
671 3575 739 3636 quae
749 3554 840 3636 plena
851 3551 1023 3613 dedecoris.
1036 3551 1121 3630 Quid
1134 3553 1158 3610 si
1173 3571 1284 3634 expen-

244 3643 315 3716 das,
326 3661 423 3720 puero
436 3644 597 3704 audaciam
609 3643 677 3704 dari
689 3658 796 3704 contra
808 3640 961 3704 achillem
974 3640 1195 3704 lortissimum?
1208 3661 1284 3700 nam

244 3729 364 3790 tametsi
379 3731 474 3810 impar
486 3744 545 3806 est,
557 3735 856 3814 tamen'conqressus:
872 3733 977 3812 itaque
988 3729 1071 3790 hunc
1083 3728 1157 3788 facit
1171 3748 1282 3809 provo·

245 3828 380 3878 satorem
392 3837 399 3874 :
412 3817 524 3892 excitat
535 3817 700 3902 lacrymas,
715 3841 812 3904 quum
824 3819 907 3896 vult,
918 3816 1067 3899 Virgilius
1079 3837 1085 3874 :
1096 3833 1175 3876 'nam
1189 3836 1281 3897 quem

243 3899 367 3964 habitus
382 3920 447 3960 non
461 3921 584 3967 moveat
597 3907 711 3968 Troili?
728 3907 888 3968 Pendebat
901 3904 954 3966 ille
969 3926 1004 3965 ex
1016 3924 1123 3977 curru,
1142 3903 1186 3960 sic
1198 3904 1281 3962 enim

243 4011 329 4053 casus
343 3989 429 4066 tulit:
443 3991 589 4057 manibus
602 3997 727 4062 tenebat
740 3996 821 4076 lora,
841 4018 904 4062 una
914 3995 1045 4060 fortasse
1057 4005 1280 4066 tantum;·nan1
