2692 4594
317 285 395 384 ⁴ru
418 318 655 386 nnmuos
678 279 772 386 ma.
796 323 869 389 111.
1066 352 1123 422 ιρι

82 441 314 523 ingrederetur,
334 443 438 502 statim
460 455 637 523 agnosceret
655 455 768 504 natam·
780 445 823 505 ibi
842 445 966 528 Trojam
983 451 1128 540 alteram,

56 549 153 598 ,cum
168 530 327 609 Pergamis
341 542 370 589 et
384 531 482 611 portis
496 529 598 604 Scaeis,
612 532 742 612 ipsoque
755 531 891 594 Xantho.

122 615 313 692 352.Quum
323 619 366 678 ait
376 620 454 678 socia
465 617 546 690 urbe,
556 621 678 698 respicit
688 618 727 678 ad
738 621 1134 695 societatesttomanorum:
1235 671 1238 678 =

83 703 116 761 in
128 702 384 784 verbofruuntur‚
399 725 531 787 agnosce
544 703 747 783 hilaritatem,
760 710 918 790 accipiebat
928 719 1088 795 convivio,
1101 735 1133 782 et
1146 775 1147 778 ,

82 790 193 872 epulis.
206 792 366 867 bibebant,
379 793 510 853 verbum
522 813 657 868 sacrum,
669 795 743 874 quia
755 795 877 857 nullutn
891 804 1070 866 convivium
1082 827 1133 868 ve·

82 877 216 955 teribus,
232 881 317 962 quod
332 903 399 942 non
412 901 551 940 sacrum:
567 879 637 948 ideo
650 894 764 962 pateras
777 883 923 962 tenebant,
942 894 1031 970 quasi
1048 899 1154 958 sacra‘

81 962 211 1042 facturi,
226 981 256 1028 et
269 969 413 1045 libaturi,
427 989 493 1028 nou
506 969 623 1042 minus,
640 989 735 1048 quam
747 990 868 1052 arasque
882 975 1025 1040 tacebunt.

120 1053 191 1115 356.
206 1057 289 1118 Hinc
299 1059 433 1138 Scaliger
442 1057 524 1117 elicit
533 1057 677 1118 amicitiae
688 1078 766 1118 verae
775 1061 949 1142 exemplum
960 1087 967 1124 :
978 1065 1042 1127 dies
1053 1069 1138 1130 mub—
1174 1137 1178 1141 ,

81 1140 104 1199 ti
115 1143 310 1224 ¹procedunt;
328 1165 412 1206 aurae
426 1157 541 1204 vocant
557 1145 640 1218 vela;
658 1145 786 1206 inflatur
798 1162 891 1210 vento
906 1152 1063 1230 carbasus;
1080 1178 1132 1218 ne·

82 1254 141 1315 que
154 1234 203 1296 illi
217 1249 337 1317 queunt
349 1236 438 1297 avelli
453 1259 459 1294 :
476 1237 549 1296 inde
563 1235 736 1298 discedenti
751 1249 798 1298 tot
809 1238 894 1300 dona
905 1259 1131 1324 congeruntur,

81 1333 126 1384 tot
143 1325 360 1384 interveniunt
374 1326 544 1400 orationes,
562 1325 636 1404 quia
654 1338 815 1405 nequeunt
826 1327 958 1409 expleri:
977 1331 1036 1396 dies
1047 1333 1132 1396 alter-

81 1431 135 1491 que
144 1410 206 1472 dies
218 1410 339 1492 phrasis
351 1413 429 1470 mire
440 1413 561 1493 poetica
575 1434 632 1495 pro
648 1413 754 1472 multis
766 1411 895 1474 diebus:
911 1417 1021 1478 tumido
1037 1423 1133 1482 turui-

81 1498 157 1576 fico,
175 1501 349 1583 explicante
365 1502 530 1582 scaligero.
547 1505 654 1566 Austro
669 1524 726 1584 pro
740 1525 937 1587 quocumque
954 1522 1057 1570 vento.
1072 1513 1134 1594 Aq-

80 1588 198 1669 qredior
209 1591 296 1670 quasi
311 1588 375 1670 jam
390 1590 516 1650 tandem
530 1589 696 1650 decernens
710 1591 846 1670 abitum,
860 1597 980 1656 etiamsi
993 1619 1065 1658 cum
1079 1601 1134 1661 do·

48 1669 50 1673 ¹
80 1676 162 1752 lore,
177 1677 378 1759 relinquendi
390 1677 513 1738 Heleni.
721 1743 726 1748 ,
1094 1753 1098 1758 .

58 1762 63 1774 '
121 1765 192 1847 359.
208 1767 319 1847 Captat
336 1767 426 1826 illum
437 1764 672 1848 permagnifice,
687 1769 859 1828 attribuens
874 1769 921 1830 illi
934 1793 1061 1834 omnem
1075 1795 1136 1857 pae-

81 1873 121 1912 ne
140 1873 298 1934 augurum
315 1853 524 1959 disgiplinam.
545 1854 622 1929 Quae
641 1853 679 1914 de
696 1855 896 1933 Geomantia,
915 1861 1135 1940 pyromantia,

81 1943 285 2003 beromantia
305 1945 426 2004 Servius
444 1941 496 2003 hic
517 1943 646 2018 dividit,
666 1965 777 2024 parum
797 1946 917 2026 pr0b03
938 1970 1039 2030 neque
1061 1954 1136 2012 item

81 2031 158 2091 alias
171 2033 306 2092 aliorum
319 2033 498 2093 divisiones.
513 2031 571 2096 Illa
582 2047 705 2093 tautum
717 2034 833 2114 placet,
847 2051 882 2096 ut
894 2037 1048 2118 triplicem
1061 2043 1138 2102 vati-

81 2118 213 2178 cinandi
230 2121 391 2180 scientiam
409 2120 556 2182 attribuat
569 2121 707 2195 Heleno,
723 2141 759 2179 ex
774 2120 882 2182 ai'ilatu
895 2126 1080 2202 numinum,
1099 2149 1136 2188 ex

82 2209 187 2284 astris,
204 2230 239 2268 ex
252 2210 379 2270 avibus:
393 2213 528 2292 primam
541 2209 664 2285 inillis,
680 2213 766 2270 sentis
777 2209 879 2270 Ptoett
893 2216 1031 2288 numina,
1047 2218 1136 2297 tripo-

81 2295 149 2369 das,
169 2294 260 2362 ctartt
272 2297 386 2359 lauros:
401 2299 544 2372 alteram,
557 2301 644 2359 sentis
657 2297 768 2356 sidera:
783 2299 906 2358 tertiam
919 2302 1005 2360 sentis
1021 2299 1137 2383 linquas

80 2380 251 2459 volucrum,
266 2384 384 2447 alarum
396 2389 506 2447 omina.
517 2387 640 2446 Nescias
653 2387 763 2466 igitur,
776 2407 831 2446 cur
843 2387 949 2446 Cicero
960 2389 983 2447 Ι.
1001 2388 1040 2450 de
1053 2392 1137 2450 Divi-

80 2481 149 2528 nat.
161 2469 286 2548 dixerit,
299 2473 454 2534 Helenum
465 2475 603 2556 auguriis
613 2475 780 2550 divinasse,
790 2488 825 2534 ut
834 2473 1039 2538 Cassandram
1051 2495 1137 2538 men·

82 2559 124 2618 tis
134 2561 335 2640 incitatione,
350 2577 380 2624 et
391 2563 516 2624 furore:
532 2577 568 2624 ut
581 2565 723 2624 videatur
736 2565 800 2624 sola
813 2567 943 2645 auguria
953 2567 1073 2628 Heleno
1084 2569 1138 2628 tri·

81 2646 196 2723 buere,
208 2650 258 2710 cui
269 2651 359 2711 Maro
371 2649 422 2712 hic
433 2671 527 2712 omne
535 2671 635 2733 prope
644 2651 847 2712 divinationis
860 2671 966 2730 genus.
979 2654 1040 2712 Tot
1051 2655 1136 2713 attri-

82 2735 163 2798 buta
172 2741 320 2822 praecedit
329 2743 409 2804 illud
420 2745 556 2825 interpres
565 2745 690 2816 Divum,
705 2743 792 2822 quasi
804 2740 864 2803 hoc
875 2744 1032 2822 sequentia
1041 2745 1138 2824 expli·

83 2845 171 2908 cent,
184 2844 220 2892 ut
234 2834 347 2914 species
359 2855 452 2895 suum
465 2853 573 2915 genus.
590 2837 659 2894 Vox
675 2829 842 2914 Trojnqena
855 2851 926 2892 cum
941 2847 1080 2913 respectu
1097 2834 1137 2894 ad

82 2940 134 2996 se;
150 2924 238 3004 quasi
252 2924 353 2985 dicat:
366 2923 520 3006 Trojanus
536 2922 701 3005 a'lrojano
717 2923 837 3005 quaerit.

128 3011 196 3072 362.
209 3012 293 3091 Quid
306 3036 379 3076 vero
392 3015 431 3075 ad
444 3013 556 3075 illum?
567 3017 642 3074 Fure
655 3035 724 3095 ape,
737 3033 797 3074 vox
808 3013 943 3093 signata3
955 3024 1040 3072 vates
1053 3013 1138 3074 enim

82 3101 211 3178 fantur3
226 3103 298 3162 inde
312 3103 385 3164 fata.
398 3104 483 3183 Quid
495 3124 569 3164 vero
579 3101 646 3161 vult
657 3101 752 3162 scire?
764 3123 832 3184 quae
845 3103 981 3184 primum
994 3099 1136 3177 vitanda,

84 3208 158 3271 quae
172 3187 285 3249 deinde
299 3191 456 3273 sequenda
470 3215 476 3251 :
492 3194 596 3274 itaque
608 3189 673 3251 haec
688 3211 823 3267 summa,
838 3201 868 3248 et
880 3187 993 3270 duplex
1006 3189 1136 3270 petitio:

81 3325 241 3384 reparatam
269 3315 391 3370 andierat
415 3319 532 3388 Trojam.
556 3346 591 3359 --
633 3319 683 3390 qui
699 3317 839 3370 laudabat.
856 3341 891 3354 -
906 3313 1043 3384 Interpm.
1064 3311 1138 3380 Quid

81 3394 215 3465 Scaeoeqw
227 3394 373 3467 amplector
387 3397 481 3450 limina
499 3408 590 3470 portae.
635 3399 746 3464 felicius
768 3415 848 3468 qnam
868 3411 948 3446 nosse
970 3393 1036 3464 quid
1056 3395 1140 3450 velint

81 3473 121 3526 Et
136 3487 228 3544 postes
245 3475 387 3530 domorum
407 3491 434 3532 et
451 3491 592 3551 portarum
635 3479 691 3544 dii,
703 3492 730 3530 et
742 3479 851 3550 dignum
862 3493 935 3541 esse,
947 3493 1088 3546 perquem
1100 3478 1139 3530 lo-

81 3552 182 3606 limina
194 3555 318 3626 amplecti
327 3557 462 3625 solebant,
474 3561 520 3629 qui
530 3576 592 3630 pro·
634 3571 736 3631 quatur
747 3559 775 3609 in
787 3556 1003 3608 hominibusi-
1014 3557 1066 3626 Qui
1075 3558 1140 3611 side·

81 3635 144 3706 fugi
156 3634 293 3688 exulatum
306 3637 397 3706 ibant,
414 3650 461 3690 aut
472 3639 592 3710 peregri·
613 3635 615 3640 ’
637 3637 818 3704 turcatisQni
827 3654 854 3688 es
862 3637 963 3707 peritus
970 3635 1137 3710 Astrologiae.
1207 3693 1209 3698 ,

84 3725 183 3766 natum
195 3713 242 3766 diu
256 3717 379 3769 ablaturi
394 3717 494 3770 domo:
511 3718 593 3770 iidem
636 3717 729 3772 Sentis,
746 3718 838 3792 Signat
848 3715 901 3768 hoc
913 3715 1024 3768 verbum
1034 3718 1138 3786 primos

84 3795 171 3846 etiam
182 3795 294 3849 reduces
309 3798 427 3852 osculari
437 3811 465 3851 et
477 3797 593 3869 amplec-
636 3797 1034 3866 illosvaticinantiumimpetus,
1042 3798 1140 3868 quibus

86 3875 108 3924 ti
123 3893 157 3928 ea
170 3875 302 3930 solebant.
635 3881 691 3948 jam
703 3877 743 3929 illi
758 3875 850 3929 adesse
864 3877 951 3928 Deum
964 3879 1085 3928 sentiunt·
1095 3879 1140 3929 af-

123 3953 188 4024 359.
208 3956 364 4032 ijuqena.
385 3957 532 4010 Plurimum
547 3955 594 4011 dat
638 3957 703 4010 flatu
715 3958 862 4029 propinqui
871 3955 1065 4009 numinis.Vid.
1077 3957 1138 4006 Pro-

86 4035 111 4096 el
121 4037 234 4108 generi,
247 4056 281 4091 ex
292 4055 346 4111 quo
359 4039 411 4092 fuit
422 4039 503 4094 etiam
514 4039 572 4110 ipse
639 4050 708 4112 pert
716 4039 790 4112 Eleg.
798 4040 845 4108 tv,
854 4058 877 4107 r,
885 4052 911 4092 et
920 4036 998 4092 Ovid'.
1010 4039 1080 4091 Fast.
1090 4039 1136 4090 lll.
