2646 4606
327 341 377 404 tu
402 337 637 405 enerues
660 339 753 406 uin.
777 340 841 407 vt.
1039 343 1105 425 405.

58 449 109 516 bie
117 459 274 542 integrum
282 454 386 522 locum
395 462 568 536 subtexere,
580 463 618 520 ab
627 483 662 522 ea
673 479 776 544 parte,
790 468 903 526 Interea
913 466 1103 528 videtAEnens

61 547 93 604 in
100 547 178 611 valle
187 551 303 613 reducta
311 551 463 614 Seclusum
473 573 586 626 nemus,
598 565 672 626 etc,
682 551 741 612 boc
751 555 918 615 verborum
927 553 1104 636 complexu.

59 636 170 698 AEneas
183 641 430 708 interimvallem
442 643 553 715 cernit3
567 643 599 698 in
612 662 647 700 ea
660 663 785 717 nemus,
798 645 905 726 ibique
915 643 1034 706 Lethen
1045 664 1105 703 am·

58 743 147 802 nem,
172 751 264 812 quem
286 735 405 792 circum
429 733 542 790 animae
564 729 670 811 plures
693 730 857 808 volabant,
881 737 980 794 instar
998 754 1104 815 apum.

60 813 176 876 Horret
197 818 264 894 ille;
283 840 392 881 causas
411 820 558 902 requirit3
578 839 647 900 quae
667 818 796 878 animae?
814 820 890 900 quid
909 820 1026 880 velint?
1046 821 1105 879 Cui

59 900 207 967 Anchises
217 929 253 968 cx
267 908 452 991 Pythagorae
465 908 607 967 doctrina
617 929 623 965 :
635 907 683 968 bae
695 922 767 968 sunt
779 907 841 968 illae
853 910 979 982 animae,
990 908 1105 989 quibus

59 1009 95 1050 ex
113 993 181 1055 fato
200 997 356 1060 debentur
376 1021 508 1081 corpora
527 995 638 1070 altera;
661 1010 695 1056 ut
714 1011 819 1058 autem
839 1019 944 1059 rerum
962 998 1105 1057 omnium
1181 1063 1182 1066 Ἴ

57 1079 298 1163 obliviscantur,
309 1109 387 1170 quas
397 1081 559 1168 gesserunt
569 1088 600 1145 in
612 1085 769 1168 prioribus
780 1088 979 1168 corporibus,
990 1081 1106 1143 Lethen

11 1221 12 1226 ,
58 1183 172 1249 potant
191 1173 359 1238 oblivionis
378 1178 528 1238 lluvium:
544 1177 673 1258 jamque
689 1179 813 1236 animus
832 1175 910 1235 mihi
929 1187 1039 1234 aestuat
1059 1192 1106 1230 re-

58 1279 184 1324 censere
196 1263 255 1326 tibi
267 1268 394 1350 longam
407 1270 519 1328 seriem
532 1283 682 1349 nepotum
695 1288 853 1342 meorum,
869 1267 923 1348 qui
935 1267 1048 1324 iterum
1062 1263 1107 1319 vi·

58 1350 122 1407 suri
139 1367 214 1413 sunt
230 1376 320 1416 auras
335 1355 454 1416 vitales
473 1358 599 1437 Stupuit
615 1355 666 1415 hic
681 1359 805 1430 AEneas,
825 1368 869 1429 et,
891 1366 1026 1436 opeter,
1047 1351 1105 1422 ait,

59 1437 264 1520 credibilem,
275 1444 331 1505 has
342 1448 462 1504 animas
473 1447 584 1504 iterum
595 1446 750 1504 redituras
762 1445 800 1504 ad
809 1442 940 1525 corpus?
949 1436 1105 1501 Credibile

60 1540 120 1602 est,
135 1549 155 1588 o
170 1544 256 1606 nate3
269 1533 342 1593 audi
353 1535 392 1593 ab
403 1536 514 1594 initio:
529 1536 608 1593 scias
622 1549 694 1594 ante
707 1555 799 1593 omne
811 1554 914 1593 rerum
926 1529 1105 1600 exordium,

58 1633 125 1676 esse
138 1619 274 1696 Numen,
294 1621 379 1703 quod
395 1624 538 1682 universa
552 1621 735 1682 moderatur
747 1643 782 1682 ac
795 1623 889 1702 regit,
910 1619 1056 1701 quodque
1069 1637 1107 1676 ex

59 1699 223 1768 elementis
236 1711 310 1790 ipsis
324 1725 434 1772 cuncta
448 1724 532 1770 creat
539 1733 552 1785 ;.
560 1713 591 1768 in
607 1709 656 1770 his
668 1709 826 1786 homines,
840 1731 974 1791 quorum
987 1708 1106 1766 animas

58 1789 225 1875 conjungit
235 1819 271 1856 ex
281 1801 352 1879 igne
362 1813 393 1859 et
402 1819 486 1872 aere,
500 1819 679 1880 corpora-ex
691 1811 773 1861 terra
782 1812 811 1859 et
821 1819 900 1879 aqua
913 1793 1102 1856 fabricatur:

59 1881 132 1941 inde
149 1900 206 1960 est,
226 1903 261 1948 ut
277 1891 389 1950 animis
405 1891 495 1971 vigor
511 1890 552 1950 sit
572 1889 717 1964 caelestis,
737 1904 768 1948 et
780 1885 964 1970 corporibus
979 1882 1104 1946 tarditas

58 1972 203 2052 quaedam
215 2000 221 2035 :
235 1977 310 2040 inde
320 1966 416 2041 etiam
428 1981 541 2038 animae
551 1999 587 2036 ex
597 1977 658 2038 boc
671 1981 829 2040 consortio
839 1979 952 2038 terreni
963 1977 1105 2055 corporis

58 2061 191 2126 subditae
203 2084 276 2129 sunt
290 2084 427 2152 quatuor
438 2069 618 2144 affectibus,
631 2069 777 2129 videlicet
790 2070 912 2143 timori,
925 2064 1105 2146 cupiditati,

59 2148 179 2229 dolori,
198 2157 329 2237 gaudio,
349 2160 500 2240 quamdiu
519 2160 551 2217 in
569 2179 606 2216 eo
622 2157 737 2232 latent,
755 2172 906 2236 tanquam
923 2157 956 2213 in
973 2171 1104 2212 carcere.

59 2237 145 2313 Quin
158 2245 268 2319 etiam,
290 2268 389 2326 quum
401 2260 588 2328 separantur
600 2267 616 2304 a
628 2265 773 2324 corpore,
791 2265 856 2302 non
870 2242 985 2301 idcirco
997 2237 1104 2298 sordes

58 2342 191 2402 exuunt,
211 2351 286 2411 quas
302 2347 527 2394 contraxerunt
544 2354 580 2393 ex
594 2332 744 2392 diuturna
759 2330 844 2391 illius
861 2329 1103 2408 conjunctione:

58 2411 133 2474 inde
144 2430 204 2491 est,
216 2433 251 2478 ut
261 2422 360 2500 poenis
370 2435 575 2483 exerceantur
583 2436 819 2504 purgenturque
829 2443 910 2496 aere,
920 2439 1011 2500 aqua,
1021 2415 1103 2496 igni:

57 2521 161 2585 neque
180 2506 294 2590 aliquis
314 2523 378 2570 tam
399 2513 469 2593 pius
491 2513 567 2588 luit,
589 2512 742 2594 quamdiu
761 2515 852 2587 vixit,
873 2513 928 2593 qui
948 2526 1104 2568 noursuos

60 2610 169 2652 manes
188 2607 383 2682 tortoresque
398 2602 549 2682 patiatur,
569 2615 606 2660 ut
625 2615 792 2683 purgetur;
811 2622 883 2660 nam
900 2600 990 2659 aliter
1002 2596 1105 2656 aditus

61 2678 100 2736 ad
109 2679 251 2763 Elysium
263 2702 370 2767 patere
380 2710 444 2748 non
452 2703 562 2770 potest.
571 2691 698 2769 Purgati
711 2687 854 2767 igiturad
863 2686 1002 2766 Elysium
1011 2684 1104 2767 pauci

60 2769 254 2832 mittimuret
264 2775 301 2834 ad
313 2775 383 2836 laeta
394 2798 464 2837 arva
478 2799 484 2834 :
498 2779 531 2834 in
542 2775 592 2835 his
602 2778 683 2835 arvis
694 2790 768 2834 sunt
778 2777 822 2856 pii
832 2795 887 2856 per
897 2772 985 2832 mille
994 2791 1104 2843 annos3

61 2875 124 2934 quo
139 2880 230 2920 cursu
245 2867 395 2945 temporis
408 2867 520 2926 animae
532 2865 658 2926 tandem
669 2866 877 2926 restituuntur
886 2883 950 2922 suae
960 2859 1089 2942 puritati
1097 2889 1112 2931 ,ι

62 2956 92 3004 et
103 2948 217 3010 caelesti
233 2953 314 3034 igni,
328 2953 411 3013 unde
424 2957 512 3035 prius
524 2969 656 3038 sumptae
668 2953 800 3014 fuerant.
823 2954 930 3011 Restat
942 2949 1059 3022 solum,
1071 2960 1108 3005 ut

63 3033 290 3098 obliviscantur
302 3061 405 3100 rerum
419 3045 576 3119 omnium,
591 3063 670 3126 quas
681 3052 837 3123 gesserunt
848 3057 1009 3122 paasaeque
1019 3047 1107 3108 sunt,

62 3125 215 3204 quamdiu
228 3128 357 3189 fuerunt
366 3132 399 3189 in
409 3131 613 3214 corporibus:
629 3132 703 3192 huic
713 3133 758 3192 rei
766 3129 911 3190 medetur
920 3124 1030 3200 Lethe,
1043 3143 1108 3182 am·

62 3215 110 3273 nis
123 3213 312 3278 oblivionis:
327 3218 411 3280 bunc
422 3220 512 3281 avide
523 3236 633 3304 potant
643 3223 770 3296 animae,
785 3239 847 3302 quo
860 3229 970 3298 potato
977 3213 1043 3295 jam
1054 3215 1107 3271 ite-

63 3324 133 3363 rum
145 3307 300 3389 incipiunt
311 3309 392 3370 velle
404 3311 504 3371 redire
515 3314 547 3370 in
559 3311 654 3372 altera
666 3331 808 3394 corpora.
823 3310 990 3390 lgnoscant
999 3301 1106 3378 nobis,

64 3396 196 3472 quinon
212 3398 344 3478 egebant
355 3398 414 3461 hac
429 3401 604 3482 diligentia.

101 3487 169 3564 752.
190 3488 320 3568 Captata
338 3490 481 3568 tandem,
500 3506 573 3574 post
590 3491 720 3572 longum
739 3509 914 3550 sermonem
930 3487 1106 3560 occasione,

62 3569 209 3634 Anchises
217 3575 256 3635 ad
266 3577 491 3640 recensendam
499 3601 626 3646 suorum
635 3590 833 3660 posterorum
843 3577 953 3637 seriem
963 3593 995 3633 se
1005 3575 1108 3636 accin-

101 3741 565 3812 752.DixeratAncbises.Autedicta
610 3769 716 3804 omnem
739 3750 887 3800 Romanam
907 3745 1049 3799 historiam
1074 3743 1108 3796 ab

66 3819 98 3874 de
113 3827 264 3878 reversione
279 3828 426 3880 animarum
437 3829 563 3900 probatio
608 3831 697 3882 AEnete
705 3827 836 3892 adventu,
846 3842 931 3895 usque
942 3822 977 3876 ad
987 3841 1036 3876 sua
1044 3835 1117 3874 tem--

67 3896 120 3954 huc
127 3904 249 3970 tetendit,
258 3918 287 3957 ut
295 3906 412 3960 celebret
419 3909 564 3976 Romanos,
608 3927 677 3980 pora
693 3908 844 3960 summatim
859 3905 1008 3960 celebrasse
1022 3904 1110 3974 Virgi-

68 3991 93 4030 et
112 3986 245 4056 precipue
264 3989 428 4060 Augustum:
447 4007 563 4060 namque
608 3989 682 4044 lium.
702 3987 783 4058 Quod
795 3987 857 4040 ideo
869 3987 949 4050 latet,
970 3984 1035 4054 quia
1048 4000 1110 4032 con·

70 4064 115 4130 qui
132 4063 201 4118 bene
225 4068 410 4137 considerant,
428 4071 565 4122 invenient
608 4061 1111 4128 fususestordo=·nameversiollii‚at
