2676 4602
237 288 301 354 320
567 281 946 348 COMMENTARIA

235 427 328 488 supra
349 403 486 465 colorem
504 405 685 484 proprium,
708 425 801 486 quem
815 418 905 487 poeta
917 425 983 466 non
1004 407 1174 486 exprimit,
1196 418 1277 468 erant

235 497 370 556 albentes
389 491 527 552 maculae.
540 493 596 552 Sed
617 494 671 552 ubi
693 494 757 553 istae
769 493 917 554 maculae?
934 496 967 554 in
982 493 1118 574 pedibus
1138 497 1277 576 primori-

234 586 308 658 bus,
332 585 496 663 interprete
512 583 637 656 Servio;
657 581 704 641 vel
728 583 760 640 in
777 581 855 663 pede
873 583 999 658 dextro,
1022 603 1075 641 me
1099 587 1273 666 interprete:

234 667 346 730 deinde
369 671 402 728 in
424 667 553 728 fronte:
575 689 669 749 quam
690 669 802 728 frontis
823 669 975 728 maculam
996 669 1172 730 candidam
1194 674 1274 730 instar

234 758 327 820 stellae
337 757 517 818 ostentabat.
531 759 577 818 Sic
588 757 727 840 concipit
738 757 838 816 Julius
850 756 981 838 Scaliger
990 757 1103 839 ,eujus
1115 761 1211 820 verba
1222 759 1274 820 hac

234 861 305 908 sunt
320 871 328 906 ι
343 845 471 928 intellige
481 848 613 930 frontem
635 844 720 907 stella¹
737 843 861 906 cmtdida
882 845 1087 927 spectabilem.-
1104 869 1170 908 non
1189 863 1273 910 autem
1313 839 1314 876 l

235 951 325 998 totam
334 928 432 994 albam
438 960 449 1008 ,·
460 935 609 996 deteriores
618 937 695 994 enim
704 946 779 994 suut.

273 1035 338 1094 568.
351 1034 441 1092 Hunc
451 1029 647 1092 commendat
658 1049 674 1086 a
685 1041 880 1110 posterorum.
890 1050 1015 1110 genere,
1027 1044 1059 1092 et
1071 1031 1269 1114 cumlepore;

232 1121 397 1184 adhibetur
409 1121 492 1180 enim
505 1119 675 1200 geminatio
688 1139 793 1197 paruus
810 1125 897 1200 Atys,
919 1120 1036 1198 quasia
1053 1141 1159 1200 parvo
1181 1120 1271 1180 adhue

232 1233 299 1294 spes
311 1231 425 1290 magna
437 1211 552 1290 generis
564 1230 570 1264 ε
586 1205 699 1266 deinde
710 1207 906 1266 commendat
918 1208 957 1267 ab
971 1229 1097 1283 amore,
1114 1231 1182 1290 quo
1194 1209 1272 1268 illum

231 1303 316 1364 lulus
330 1312 541 1382 prosequatur.
556 1299 668 1376 Rogas,
681 1315 737 1354 cur
748 1295 836 1355 nulla
851 1298 971 1358 mentio
982 1299 1075 1378 equi,
1093 1319 1162 1378 quo
1176 1300 1202 1358 is
1213 1319 1270 1356 vec·

231 1391 297 1452 tus?
308 1392 381 1473 quia
394 1390 523 1448 varietas
535 1386 644 1468 poesin
656 1395 760 1460 ornat,
777 1397 807 1444 et
826 1385 895 1446 ideo
913 1387 1017 1446 noluit
1035 1387 1152 1448 eadem
1168 1388 1207 1448 de
1218 1409 1273 1447 om·

231 1481 324 1540 nibus
340 1478 503 1540 inculcare.

210 1591 215 1614 t
272 1570 339 1650 57ο.
354 1571 490 1626 Acumen
507 1567 539 1624 in
551 1565 691 1638 vocibus;
703 1577 855 1626 extremus
870 1565 996 1642 ordine,
1011 1568 1068 1647 qui
1081 1569 1208 1647 primus
1219 1584 1273 1623 om·

230 1661 320 1720 nium
332 1654 565 1738 pulchitudine:
583 1666 612 1712 et
625 1651 691 1714 baec
705 1667 748 1712 est
763 1655 861 1735 prima
877 1655 999 1714 Ascanii
1018 1653 1270 1714 commendatio:

230 1749 324 1808 altera
333 1770 341 1821 ;
356 1746 437 1806 illius
450 1765 564 1825 equum
582 1764 643 1802 esse
658 1743 777 1804 donum
791 1743 935 1819 Didonis,
954 1765 1093 1826 eumque
1112 1747 1149 1804 in
1169 1763 1271 1803 monu-

229 1846 367 1894 mentum
379 1844 408 1889 et
420 1831 533 1888 amoris
545 1831 669 1910 pignus

270 1929 337 2010 573.
358 1927 509 1984 Pertinuit
527 1945 680 2006 equorum
699 1926 857 1986 distinctio
879 1927 919 1987 ad
943 1928 1160 2008 spectaculum
1180 1951 1186 1984 :
1206 1942 1270 1984 nam

229 2015 320 2097 quale
332 2012 406 2088 hoc,
421 2011 474 2071 ubi
489 2012 560 2091 equi
573 2009 719 2086 Thraces,
734 2011 900 2088 Phoenicii,
918 2015 1022 2074 Siculi.
1041 2018 1123 2076 Aves
1135 2003 1224 2086 scire,
1237 2029 1275 2068 au
1313 2021 1314 2070 l

228 2105 318 2188 pueri
332 2103 425 2164 Siculi
437 2098 587 2180 Trojanos
604 2103 804 2184 comitentur,
823 2096 920 2163 lusuri
937 2105 1032 2164 etiarn
1045 2101 1200 2184 Trojam?
1212 2119 1271 2159 non

228 2209 324 2278 puto:
339 2195 456 2274 primo,
469 2191 542 2272 quia
554 2189 645 2272 Troja
657 2191 749 2251 ludus
761 2214 778 2252 a
791 2193 931 2272 Trojanis
946 2207 1072 2254 tantum
1085 2190 1199 2252 debuit
1208 2209 1269 2272 per·

230 2289 297 2366 agi:
314 2283 445 2355 deinde,
467 2282 493 2340 si
512 2293 633 2340 tantum
654 2293 713 2340 tres
726 2294 854 2355 turmae,
873 2293 903 2340 et
919 2281 1033 2343 harum
1056 2295 1200 2342 auctores
1218 2293 1271 2337 tres

227 2374 371 2452 Trojani,
384 2373 451 2451 quis
462 2369 547 2473 locip
561 2372 664 2450 pueris
676 2369 804 2430 Siculis?
814 2372 919 2448 tertio,
935 2373 1009 2454 quia
1022 2373 1137 2431 AEneas
1147 2372 1192 2430 ita
1203 2387 1270 2429 cum

225 2458 358 2540 Epytide
370 2458 489 2516 locutus
500 2468 557 2528 est,
568 2469 603 2514 ut
613 2457 753 2516 videatur
765 2478 811 2516 res
822 2469 942 2518 tantum
954 2461 1193 2520 communicata
1203 2474 1270 2514 cum

226 2549 296 2622 illo,
312 2559 422 2606 etcum
435 2545 577 2604 Ascanio.

267 2645 333 2726 575.
353 2644 474 2724 Duplex
496 2644 646 2703 sententia
660 2667 667 2703 :
682 2647 782 2726 prima
796 2637 891 2702 Servii
905 2641 971 2706 haec
987 2667 993 2703 :
1012 2645 1155 2726 pavidos3
1176 2643 1269 2712 idest,

225 2731 326 2817 qlorioe
341 2732 495 2814 cupiditate
512 2729 666 2808 sollicito&
682 2747 727 2808 ut,
745 2731 832 2796 corda
844 2753 936 2812 pavor
949 2731 1083 2814 pulsans.
1102 2736 1216 2794 Nostra
1231 2730 1271 2790 al·

225 2838 304 2896 tera,
319 2841 380 2902 qua
398 2820 440 2878 sic
458 2821 653 2893 ordinamus;
674 2823 821 2901 excipiunt
840 2821 959 2898 pavidos
974 2821 1099 2902 plausu,
1122 2837 1158 2882 ut
1178 2821 1269 2890 dicat,
1313 2817 1314 2834 ¹

225 2911 378 2990 expavisse
391 2927 502 2986 pueros
514 2919 544 2965 et
560 2927 654 2985 equos
672 2905 710 2964 ad
728 2902 865 2964 subitum
882 2919 912 2964 et
929 2908 1090 2986 ingentem
1108 2910 1267 2990 plausum,

225 2999 280 3078 qui
292 2997 436 3054 excitatus
447 3015 454 3048 z
466 2991 526 3051 hoc
536 2994 617 3051 enim
629 3005 870 3054 consentaneum
883 2995 981 3072 magis
992 2993 1031 3052 ad
1043 3010 1194 3056 naturam
1204 3012 1270 3076 pue·

125 3096 139 3112 ⁸
225 3103 341 3143 rorum.
362 3079 521 3157 Sequitur,
537 3077 732 3158 pendentque,
748 3091 802 3137 etc.
820 3080 853 3136 in
873 3080 986 3160 quibus
1007 3095 1054 3141 est
1075 3083 1226 3153 affectus,
1244 3089 1270 3137 et

225 3193 316 3232 causa
332 3191 338 3227 ι
357 3167 426 3226 ideo
442 3164 593 3243 gaudent,
611 3169 684 3244 quia
702 3169 735 3224 in
753 3166 812 3226 illis
830 3181 1003 3248 agnoscunt
1022 3192 1102 3232 ora:
1122 3163 1159 3232 iu
1173 3167 1268 3230 verbis

223 3249 353 3318 acumen
366 3266 422 3324 est;
438 3251 526 3330 pueri
541 3267 759 3329 expavescunt,
771 3268 873 3334 patres
886 3256 1034 3335 gaudent.
1066 3321 1070 3332 Ι

265 3353 332 3432 577.
344 3352 370 3408 A
383 3348 560 3408 narratione
573 3362 696 3428 patrum
712 3353 822 3411 transit
838 3352 877 3411 ad
892 3353 1021 3428 liberos,
1037 3355 1095 3435 qui
1112 3353 1183 3435 jam
1199 3353 1266 3432 tuti,

223 3438 329 3506 idest,
342 3454 377 3492 ex
391 3453 505 3512 pavore
518 3438 658 3510 recreati,
675 3440 855 3498 circumiere
872 3441 904 3500 in
917 3443 1006 3521 equis
1018 3443 1162 3522 spatium
1175 3441 1266 3512 illud,

224 3529 258 3585 in
273 3543 335 3602 quo
358 3522 567 3600 peragendum
583 3525 755 3586 ludicrum:
775 3527 923 3610 additque
941 3546 1034 3614 poeta
1058 3547 1185 3592 naturae
1203 3551 1266 3613 par3

223 3629 290 3672 non
306 3607 406 3666 solum
421 3607 582 3671 lustratum
598 3607 786 3687 consessum,
805 3616 855 3675 sed
874 3607 1218 3698 oculos'signatissimm
1233 3633 1266 3674 ex

225 3695 437 3768 observatione
447 3711 573 3774 naturae,
587 3701 610 3759 si
622 3719 687 3758 rem
699 3701 790 3759 altius
801 3703 962 3784 expendas.
977 3707 1084 3771 Patres
1096 3706 1266 3786 impensius

223 3796 330 3845 amant
342 3782 468 3860 liberos,
481 3809 574 3868 quarn
587 3788 675 3847 liberi
691 3802 809 3870 patres:
823 3815 896 3874 ergo
911 3795 942 3851 in
956 3809 1082 3874 patrum
1099 3793 1212 3854 amore
1224 3813 1265 3852 ex·

221 3867 365 3954 plicando
373 3874 519 3932 totxerba
527 3875 698 3956 insumpta,
707 3878 868 3956 excipiunt,
877 3894 1000 3953 tuentur,
1011 3880 1153 3962 pandent,
1162 3899 1264 3964 equot-

146 4028 150 4034 Δ
221 3969 300 4048 sunt.
310 3955 381 4017 Filii
395 3970 515 4042 tantum
528 3963 661 4024 lustrant
675 3963 781 4030 oculos
795 3988 938 4046 suorum,
953 3969 1061 4050 idest,
1077 3968 1186 4050 figunt
1199 3988 1263 4030 ocu·
