2676 4602
299 297 351 360 ω
374 295 608 362 assinos
632 297 724 362 tra.
749 299 788 362 v.
985 310 1061 400 „289

60 420 112 480 32.
123 421 152 480 lt
159 417 224 501 jam
235 420 268 478 in
278 419 370 478 semel
380 417 563 491 deliberata3
577 439 649 478 narn
660 419 910 501 relinquitltaliae
921 445 1060 507 cursum

23 508 150 568 divertit
164 506 203 566 ad
216 508 410 589 Drepanum3
425 503 556 587 Zephyri
568 505 646 566 flant
655 508 796 582 secundi,
809 523 899 592 atque
908 515 950 574 ita
959 518 1062 579 classis

22 599 122 657 fertur
140 598 293 656 citissime.
312 597 361 655 Ait
378 607 454 656 notoe
466 615 574 671 omncs,
593 597 666 677 quia
679 595 744 678 jam
758 597 880 660 fuerant
893 604 927 664 in
941 605 1061 684 Sicilia,

23 687 225 768 atqueetiam
236 686 384 768 Drepani.
953 735 981 742 ..

64 774 115 834 35.
134 773 379 834 Admirationem
397 775 430 832 in
444 773 547 832 Aceste
565 791 718 833 successus
735 777 832 854 parit:
845 790 965 858 poterat
979 786 1065 845 enim
1099 829 1103 844 .

25 865 176 945 suspicari
187 862 310 923 classem
324 863 433 923 esseio
446 855 551 938 ltalia,
568 865 667 943 utqui
680 866 808 924 nesciret
819 880 997 949 tempestate
1011 873 1064 934 de·

23 953 121 1012 latam
136 973 199 1012 esse
212 954 246 1012 iu
261 952 404 1013 Africam.
419 954 463 1012 Ex
474 953 635 1012 occasione
653 952 836 1014 describitur
853 959 965 1018 Acestis
978 961 1066 1022 habi·

25 1054 90 1114 tus,
104 1055 217 1119 genus,
232 1039 408 1100 humanitas
425 1062 433 1098 :
450 1036 590 1114 habitus,
608 1059 681 1098 nam
702 1061 772 1100 cum
790 1040 915 1120 jaculis,
935 1059 964 1104 et
983 1049 1064 1129 pelle
1123 1045 1124 1048 ’

23 1149 103 1188 ursae
115 1128 240 1210 libycae:
254 1149 363 1210 genus,
382 1148 456 1189 narn
474 1127 557 1187 filius
575 1129 690 1210 Egestae
707 1127 848 1210 Trojanae
864 1131 1018 1212 foeminae,
1034 1151 1066 1197 et

24 1216 139 1275 Crinisi
155 1219 253 1275 amnis
267 1217 359 1276 Siculi
373 1239 380 1274 :
393 1213 586 1290 humanitas,
598 1235 671 1275 nam
685 1215 835 1298 Trojanos
846 1223 1006 1283 rusticanis
1018 1224 1066 1284 di·

25 1309 108 1365 vitiis
126 1306 244 1366 solatus
260 1321 319 1381 est,
340 1323 370 1366 et
386 1309 505 1388 excepit
523 1307 685 1381 convivio,
702 1327 771 1367 non·
786 1322 848 1368 tam
867 1324 1066 1394 sumptuoso,

26 1415 122 1475 quam
136 1393 173 1454 ad
186 1394 323 1456 laborem
334 1396 436 1455 statim
446 1392 671 1454 sublevandum
682 1407 869 1476 opportuno.

65 1481 115 1559 da.
133 1484 272 1543 Parentis
289 1505 363 1544 cura
382 1485 469 1566 pium
490 1481 652 1543 hominem
672 1497 743 1544 ante
761 1489 867 1546 omnia
890 1491 1066 1569 premebat:

26 1572 133 1652 itaque
148 1571 199 1628 vix
213 1570 324 1652 pedem
336 1570 473 1653 Drepani
485 1570 609 1646 fixerat,
622 1592 718 1651 quum
733 1576 871 1654 sequenti
884 1575 934 1634 die
946 1599 1067 1639 summo

26 1679 120 1719 manc
133 1662 232 1720 socios
246 1663 279 1721 in
297 1661 402 1721 locum
422 1679 522 1720 unum
535 1659 712 1742 conjungit,
731 1663 844 1742 quibus
865 1685 900 1724 ex
920 1680 1064 1748 aggerato

25 1747 151 1806 tumulo
165 1749 326 1829 proponit,
344 1745 447 1806 adesse
461 1747 559 1821 diem,
579 1767 615 1807 ac
628 1762 694 1808 tum
704 1749 853 1831 compleri
865 1771 993 1828 annum,
1004 1775 1067 1836 quo

26 1833 173 1918 Anchises
185 1835 279 1895 fuerit
295 1848 376 1895 terra
387 1834 551 1894 conditus:
569 1837 622 1918 qui
636 1835 700 1896 dies
713 1849 781 1895 tum
800 1838 924 1898 acerbus
942 1854 1069 1922 propter

28 1923 280 2002 magnitudinem
302 1922 436 1998 doloris,
464 1936 531 1982 tum
559 1924 593 1982 in
615 1921 735 1984 bonore
761 1921 922 1986 habendus
943 1946 1069 2012 propter

28 2009 213 2092 apotheosin
228 2012 338 2091 patris3
354 2011 501 2090 additque
514 2032 545 2071 se
560 2031 680 2092 semper
693 2028 895 2089 annuarum,
917 2019 1067 2085 solemnes
1139 2025 1142 2030 “

27 2121 160 2182 pompas
174 2101 253 2181 patri
272 2112 509 2174 exstructurum,
524 2101 816 2181 cumulaturumque
833 2103 924 2163 donis
941 2107 1066 2188 altaria,

28 2193 121 2250 etiam
134 2191 161 2249 si
175 2202 251 2248 esset
271 2191 351 2248 inter
368 2191 468 2269 Syrtes
487 2189 647 2263 Afrorum,
666 2191 721 2269 qui
737 2191 968 2268 immanissimi3
988 2198 1068 2261 inter

29 2278 112 2358 ipsos
126 2277 265 2350 Grecos,
277 2277 331 2355 qui
344 2273 532 2334 acerbissimi
545 2272 656 2332 hostes.
1049 2327 1052 2336 ,

68 2364 117 2423 55.
132 2365 236 2442 Pergit
247 2361 369 2434 AEneas,
384 2358 537 2438 dicitque,
551 2362 631 2419 Deos
644 2359 738 2420 luisse
750 2361 900 2426 adventus
914 2369 960 2426 sui
976 2371 1008 2430 in
1023 2373 1069 2432 Si·

28 2452 131 2512 cilium
140 2465 294 2512 auctores:
307 2460 395 2507 vocat
403 2460 508 2530 portus
516 2467 567 2507 eos
578 2450 687 2508 amicos
696 2463 822 2531 propter
832 2455 967 2516 Acestem
978 2481 985 2517 :
997 2457 1071 2524 hor-

29 2556 113 2602 tatur
123 2541 189 2624 jam
202 2541 241 2600 ad
255 2538 470 2600 celebrandam
485 2536 669 2620 apotheosin
682 2540 831 2604 Anchisae.
891 2566 895 2582 ⁴

69 2630 117 2709 59.
132 2629 236 2705 Quam
249 2626 358 2686 adrem
372 2626 517 2708 poscendi
525 2625 630 2686 ventil
639 2627 677 2685 ad
688 2642 842 2688 certamen
854 2630 982 2694 fortasse
993 2659 1069 2699 nau·

30 2721 141 2794 ticum,
156 2715 316 2800 quodjam
328 2717 477 2776 instabat:
490 2717 536 2774 vel
546 2760 554 2792 ‚
564 2731 599 2776 ut
611 2716 665 2775 alii
675 2718 800 2795 volunt,
816 2719 852 2778 ad
866 2721 1004 2782 futuram
1018 2749 1070 2788 na-

30 2809 223 2888 vigationem
239 2827 245 2862 ε
266 2805 299 2863 in
312 2804 397 2884 quod
411 2804 572 2876 inclinem;
587 2823 660 2863 nam
675 2806 775 2876 venti,
789 2807 842 2885 qui
857 2812 1015 2869 necessarii
1031 2813 1070 2871 ad

31 2898 136 2972 ludos,
150 2895 330 2977 quiperacti
343 2897 575 2974 lampertum,
589 2905 618 2952 et
632 2912 789 2953 remorum
803 2907 922 2954 tanturn
939 2901 1076 2962 auxilio?

31 2987 145 3066 pergit3
160 2998 246 3066 atque
257 2981 318 3044 laec
332 3003 378 3041 me
390 3003 486 3056 sacra,
501 2994 556 3044 etc.
567 2983 723 3042 Sententia
735 2994 792 3056 est;
807 2984 926 3043 utinam
936 2988 1000 3067 ipse
1009 2992 1070 3050 An·

32 3074 128 3134 chises
142 3074 215 3133 velit
224 3095 272 3134 me
285 3073 452 3154 quotannis
465 3071 544 3132 ferre
558 3070 623 3132 haec
637 3092 720 3132 sacra
734 3071 810 3132 urbe
821 3076 935 3154 posita,
948 3079 1070 3160 templis

34 3161 142 3222 dicatis
155 3163 231 3235 sibi3
249 3160 279 3219 id
292 3173 350 3230 est,
363 3173 433 3242 post
447 3159 555 3220 urbem
568 3161 717 3240 positam3
728 3173 797 3242 post
811 3161 910 3221 dicata
924 3165 1048 3247 templa.

71 3251 121 3310 61.
136 3247 372 3310 circumstantia
389 3247 426 3308 ad
448 3247 633 3332 perficienda
647 3267 734 3309 sacra
752 3268 789 3307 ex
803 3249 917 3310 Acestis
936 3249 1071 3313 liberali·

34 3440 129 3508 datur,
148 3440 209 3494 vela
225 3456 367 3506 converte3
385 3442 445 3509 rel,
461 3442 533 3494 obli·
575 3441 710 3506 oetltemn,
720 3441 846 3492 nimirum
854 3439 1070 3513 fugatisreliquis

36 3523 124 3591 quatis
138 3520 204 3572 velis
220 3522 351 3574 contende
368 3523 395 3573 iu
408 3521 531 3575 Siciliam.
577 3522 708 3575 sideribus
720 3539 769 3572 suo
780 3519 930 3591 splendore.

69 3602 114 3668 Aa.
122 3601 215 3654 Stellas
216 3601 335 3674 fuqarot.
341 3604 446 3654 Poeticc
453 3601 530 3654 dixit:
612 3601 654 3668 46.
672 3602 783 3652 Annuus
797 3599 869 3650 ordis.
884 3599 953 3668 Quia
968 3620 1071 3656 menses

35 3699 97 3732 uam
107 3683 129 3733 si
136 3681 216 3734 stelle
226 3683 259 3734 ab
267 3681 363 3734 stando
371 3682 448 3733 dictae
459 3693 533 3748 sunt,
577 3685 605 3733 in
622 3697 679 3732 sese
697 3689 853 3744 recurrunt,
871 3689 897 3730 et
914 3697 1012 3730 annum
1030 3682 1071 3734 fa·

36 3779 91 3812 non
110 3761 253 3832 lugentum
270 3778 376 3832 semper
391 3762 461 3812 enim
478 3759 534 3811 lixae
579 3762 661 3816 ciunt.
674 3757 751 3810 Unde
765 3769 793 3808 et
805 3756 918 3808 annulus
934 3760 1010 3828 quasi
1025 3779 1073 3812 an·

38 3852 99 3892 sunt
128 3853 224 3912 preter
251 3840 381 3912 planetas.
407 3838 535 3891 Pindarus
580 3858 647 3892 nasu
658 3839 752 3891 dictus.
770 3835 811 3889 Sic
828 3836 908 3904 alibi,
926 3836 1021 3912 Georg.
1033 3844 1072 3910 11,

39 3921 144 3992 Olymp.
157 3920 208 3974 Od.
225 3923 253 3987 l,
269 3921 366 3986 solem,
379 3919 432 3987 ait,
448 3919 536 3972 lucere
580 3921 647 3988 402,
660 3942 671 3966 s
682 3919 768 3987 Atque
780 3918 809 3968 in
819 3935 847 3969 se
864 3921 974 3988 suaper
991 3922 1072 3982 sesti·

41 3997 125 4069 ipim
150 3995 191 4052 Aa*
212 3997 317 4072 aldins,
341 4017 390 4072 per
413 3999 537 4052 deseram
581 4001 626 4072 qia
636 3998 753 4052 volvitur
765 3996 962 4050 annua-Serv.

112 4087 138 4142 6.
866 4103 897 4156 ¹9
