2692 4594
336 336 860 402 INAENEIDOSLIB.111.
1059 362 1120 428 ¹99

68 457 200 540 eadari
218 459 321 536 solita,
339 473 431 542 atque
445 461 537 520 etiam
554 458 771 520 affectuosius:
786 457 840 518 dat
857 479 892 518 ea
908 479 979 518 vero
994 461 1122 521 Ascanio

68 545 296 608 Andromache
309 569 344 608 ex
358 549 439 608 miro
453 547 580 622 decoro,
597 545 683 628 cujus
699 544 750 606 bic
762 557 845 606 vates
856 566 976 628 semper
990 547 1123 607 retinen·

69 633 234 696 tissimus:
256 655 329 697 narn
351 638 431 698 sicut
451 637 499 696 vir
516 633 654 698 Helenus
672 635 776 704 virum
792 635 921 701 AEueam
942 629 1124 693 muneribus

70 717 239 796 affecerat3
255 724 298 782 sic
312 722 442 786 foemina
458 723 624 783 Ascanium
641 741 791 804 puerum,
807 719 855 780 vel
871 710 906 780 eri
918 718 1124 782 similitudine

69 805 185 868 formae
194 811 401 892 Astyanactis,
413 832 474 892 qua
484 812 623 892 tangitur
633 811 700 870 viso
710 810 848 868 Ascanio.
860 809 936 885 Quae
949 829 1022 869 vero
1032 807 1125 870 affert

71 896 180 958 dona?
191 915 279 962 vestes
286 904 445 984 picturatas
456 904 521 962 auri
534 900 707 974 subtemine,
718 898 750 961 id
761 912 820 974 est,
833 901 931 980 pictas
942 903 1070 960 textoria
1081 921 1125 958 ar·

70 993 119 1044 te:
135 999 184 1046 est
200 989 285 1048 enim
299 990 461 1050 subtemen
475 988 564 1050 filum
578 987 672 1062 illud,
690 985 776 1068 quod
789 1007 842 1066 per
853 988 1000 1061 stamina,
1017 986 1048 1046 id
1066 997 1123 1062 est,

70 1092 126 1153 per
140 1077 258 1135 stantia
272 1077 307 1138 in
320 1076 451 1160 longum
468 1075 522 1139 fila
538 1075 613 1136 hinc
631 1073 703 1136 inde
720 1074 870 1155 percurrit
886 1073 1006 1134 alterna
1019 1070 1125 1136 subla·

70 1163 159 1224 tione
173 1178 207 1224 et
219 1165 432 1248 depressione:
449 1187 512 1248 quo
524 1165 607 1226 facto
620 1177 786 1244 utrumque
798 1165 913 1243 pariter
924 1177 954 1224 ct
966 1174 1083 1226 stamen
1096 1171 1127 1222 et

73 1253 243 1315 subtemen
258 1256 445 1318 addensatur
455 1255 653 1338 percussione
665 1253 814 1334 pectinis:
831 1272 865 1312 ac
875 1251 1003 1314 demum
1016 1253 1125 1314 omnia

71 1338 210 1401 formata
223 1340 289 1422 jam
304 1346 337 1402 in
352 1345 444 1406 telam
460 1341 692 1404 convolvuntur
701 1336 796 1419 jugo:
813 1337 887 1400 inde
899 1353 961 1415 est,
977 1352 1012 1399 ut
1022 1339 1124 1400 subte-

72 1446 145 1486 men
159 1427 283 1488 dicatur
292 1431 420 1514 pingere
429 1429 562 1490 stamina
575 1438 628 1486 aut
637 1424 747 1487 formis
757 1425 957 1503 animalium,
969 1440 1022 1488 aut
1033 1426 1125 1486 rebus

72 1517 149 1578 aliis.
157 1519 285 1580 Deinde
296 1520 401 1584 attulit
411 1517 596 1600 chlamydem
603 1515 780 1599 Pluypiam,
791 1528 823 1576 et
831 1535 899 1578 eam
909 1515 1052 1594 fortasse,
1064 1537 1126 1598 qua

73 1627 144 1667 usus
156 1612 332 1692 Astyanax:
351 1631 425 1670 nam
442 1615 492 1669 cui
509 1607 597 1668 alteri
612 1618 793 1681 reservaret,
808 1606 868 1670 nisi
886 1605 925 1666 ad
940 1609 1125 1676 memoriam
1185 1639 1188 1648 Δ

74 1692 196 1757 luctus?
210 1711 239 1757 et
250 1718 388 1781 congrue
402 1697 527 1780 quidem
542 1693 680 1778 Phrygia
690 1693 820 1756 foetnina
835 1691 888 1755 dat
899 1714 1013 1762 munus
1028 1691 1125 1776 Phry-

75 1785 170 1862 gium.
188 1788 247 1848 Sed
263 1788 338 1870 quid
351 1801 395 1852 est
408 1786 501 1864 illud;
516 1807 569 1850 nec
585 1783 659 1848 cadit
676 1781 800 1846 honori?
816 1785 900 1847 varie
911 1785 1007 1852 varii:
1022 1781 1125 1848 liaereo

75 1875 159 1936 Julio
172 1879 339 1962 scaligero,
350 1881 424 1961 quia
436 1879 478 1942 ita
490 1877 641 1960 explicat:
655 1877 689 1938 Si
700 1872 1003 1956 nonsummum
1012 1886 1125 1956 equae:

74 1961 178 2046 itaque
192 1988 259 2028 non
272 1967 350 2028 cedit
362 1966 482 2037 Heleno
493 1967 526 2028 in
536 1960 729 2034 muneribus.
745 1959 958 2043 Textilibusque
966 1964 1127 2026 uteratdo·

75 2055 133 2128 nis,
150 2059 179 2116 ἐκ
195 2068 243 2120 τοῦ
256 2064 410 2140 πρέποντος,
424 2056 545 2121 dantis:
562 2053 639 2138 quid
653 2053 739 2121 euim
749 2051 802 2112 det
811 2050 955 2127 immina,
968 2053 1029 2114 nisi
1040 2056 1126 2116 texti·

76 2136 136 2201 lia?
152 2157 183 2205 et
202 2157 278 2206 nota
296 2145 444 2208 affectum
461 2157 565 2210 onerat
581 2163 618 2204 ex
634 2139 809 2202 incredibili
827 2138 997 2221 cupiditate
1012 2139 1125 2202 dantis.

76 2231 127 2292 Est
139 2236 237 2297 ctiam
253 2235 285 2296 in
298 2237 363 2296 istis
378 2233 521 2305 textilibus
534 2233 618 2304 donis
632 2230 800 2300 declaratio
814 2229 1023 2310 superiorum3
1039 2231 1126 2310 quasi

76 2317 173 2382 dicat:
189 2322 244 2386 dat
252 2338 348 2399 >restes
358 2325 539 2408 picturatum
552 2320 608 2386 dat
617 2316 786 2400 Phrygiam
798 2313 1009 2398 chlamydem
1019 2317 1127 2380 omnia

77 2412 206 2474 textilia.

113 2499 184 2573 486.
202 2502 359 2563 Accedunt
374 2503 414 2562 ad
430 2502 515 2562 dona
531 2501 625 2561 etiam
641 2498 750 2571 verba,
766 2509 796 2556 et
811 2493 877 2558 haec
890 2493 1018 2575 quidem
1032 2492 1126 2576 plena

78 2588 250 2654 affectuum
269 2609 300 2653 et
317 2591 517 2675 emphaseon.
532 2593 637 2664 Donat
651 2589 726 2665 tibi,
740 2608 806 2655 oon
821 2583 982 2668 quaslibet,
1002 2584 1053 2648 sed
1068 2605 1125 2665 ego

24 2709 28 2716 ¹
79 2681 309 2760 Andromache,
321 2704 390 2766 quar
404 2681 518 2764 conjux
528 2681 684 2754 Hectoris,
697 2699 766 2759 quae
781 2697 878 2739 nurus
889 2676 1020 2747 Priami,
1034 2687 1063 2732 et
1073 2673 1127 2733 do·

79 2786 120 2826 no
134 2785 326 2834 monumenta
341 2775 645 2838 manuum'metttumt
661 2765 730 2836 ideo
743 2784 816 2823 vero
829 2774 1033 2832 monumenta,
1049 2772 1085 2820 ut
1099 2771 1127 2820 te

82 2859 197 2918 amoris
211 2860 271 2918 mei
287 2871 450 2934 moneam,
468 2870 498 2920 et
512 2867 646 2924 testentur
656 2871 784 2917 amorem
799 2851 894 2910 istun
907 2843 1126 2926 satiricorum,

81 2948 152 3006 etin
167 2947 285 3010 multos
302 2969 402 3014 annos
416 2946 619 3010 duraturum:
635 2961 699 3023 quo
717 2941 784 3021 ipso
800 2937 926 3016 longum
940 2954 1067 3016 quoquc
1082 2934 1127 2992 vi-

81 3043 141 3094 tani
152 3039 256 3098 obiter
266 3051 407 3120 precatur
417 3036 547 3099 Ascanio
558 3057 565 3094 :
576 3045 605 3096 et
616 3053 701 3114 cape,
714 3029 832 3108 inquit,
841 3025 920 3092 dona
931 3038 1059 3124 exituum
1068 3036 1128 3084 tuo·

81 3140 157 3198 rum,
170 3145 250 3206 quos
258 3123 323 3206 jam
337 3125 479 3208 deinceps
492 3141 655 3204 nunquam
666 3139 696 3181 es
709 3119 844 3180 visurus:
859 3134 917 3174 vox
927 3122 1127 3200 puersrynata

83 3208 118 3268 ad
134 3234 283 3274 amorem.
298 3215 359 3292 Qui
374 3235 445 3278 vero
461 3213 514 3273 ille
526 3209 674 3272 affectus?

115 3407 175 3474 485.
190 3412 293 3466 Onerat.
305 3413 377 3467 Utin
389 3413 490 3468 Heleno
501 3410 580 3464 dixin
626 3425 681 3464 nea
700 3416 788 3462 etiem
806 3399 874 3454 tanti
891 3396 987 3467 pretii,
1009 3393 1126 3448 sedenis

85 3490 239 3561 «stipatque
249 3493 347 3548 cerinis
358 3515 369 3542 n
380 3514 386 3546 t
398 3492 443 3550 ille
453 3494 493 3546 vir
504 3491 582 3548 fortis
627 3484 765 3540 manibus:
786 3478 858 3532 unde
873 3495 955 3552 quum
968 3474 1025 3530 hnc
1042 3474 1127 3528 ofler-

84 3562 163 3620 donat
175 3589 282 3636 aurum,
295 3584 449 3644 argentum,
462 3571 583 3628 armavi·
627 3580 681 3630 ret,
699 3564 782 3618 diuiti
804 3559 890 3630 accipe
906 3568 931 3608 et
947 3555 1013 3620 brec,
1033 3569 1128 3628 preater

83 3661 112 3696 ro
125 3649 203 3700 forti:
221 3649 277 3706 huc
289 3651 385 3706 mulier
398 3650 482 3708 donat
497 3668 582 3721 puero
627 3643 793 3716 chlamydem
799 3651 824 3692 et
832 3637 1127 3710 pradictatutnlterum

84 3729 189 3780 textilia.
204 3727 374 3800 Ergobabuit
384 3730 515 3781 rationem
522 3745 583 3798 per·
626 3725 736 3784 haberet
752 3721 883 3791 pretium,
901 3716 1014 3770 alterurn
1029 3717 1127 3768 umoris

85 3819 224 3860 sonarum:
241 3807 394 3864 bucceliam
413 3806 467 3862 duo
484 3825 583 3878 genera
628 3805 782 3876 religionem
800 3813 826 3856 et
839 3798 927 3852 dantis
942 3795 1029 3853 affinis
1041 3797 1127 3850 eflec-

86 3901 222 3940 mnnerum
238 3887 330 3958 ponite
346 3883 512 3957 chlamydem
525 3885 583 3942 nuri
628 3897 693 3940 tum.
704 3883 774 3952 Ergo
787 3880 873 3932 sinon
884 3877 972 3934 valeat
984 3876 1068 3943 dona,
1080 3893 1127 3928 va·

89 3964 251 4039 subtegmine
269 3969 420 4030 variatum,
438 3982 497 4036 quae
515 3976 584 4019 osset
628 3964 683 4016 leot
704 3978 820 4033 persona
842 3955 1061 4021 Andromaches,
1088 3954 1128 4018 tui

89 4049 324 4121 exantiquisdtem
332 4048 517 4114 aliamunera,
527 4063 585 4120 quae
630 4041 755 4100 avunculi
766 4040 864 4094 uxoris.
879 4039 975 4092 nonai.
