2670 4596
115 172 118 178 Ι
189 224 230 301 io
507 214 892 280 COMMENTARIA

227 339 294 424 247.
303 341 401 412 Dixit,
411 338 496 398 unde
507 339 616 422 exierit
627 339 778 413 Antenor,
793 360 870 420 quas
884 331 1080 421 superaverit
1090 339 1229 404 difficul-

182 443 280 503 tates3
291 427 354 508 jam
371 449 433 508 quo
448 429 598 508 pervenit.
613 429 673 486 Hic
687 441 783 486 tumen
798 425 847 486 itte
863 425 967 489 locauit
983 429 1088 490 Urbem
1103 431 1223 504 Patavi,

186 518 316 598 sedesque
335 522 524 588 Teucrorum,
544 535 613 597 quae
628 537 741 595 magna
760 531 804 576 est
820 515 969 577 felicitas:
986 533 1015 579 et
1026 519 1103 580 dedit
1117 541 1225 580 nomen

186 611 278 690 penti,
299 627 412 666 vocans
432 627 449 664 a
469 627 498 664 se
518 605 627 664 urbem
643 605 867 680 Antenoream,
877 605 1003 689 fixitque
1018 631 1102 668 annu
1122 611 1208 668 Troia
1214 654 1224 681 ,

175 718 250 777 ,qua
263 695 410 755 hactenus
424 693 572 753 felicitate
586 695 695 752 AEneas
708 707 806 752 caret:
823 715 907 762 nunc
922 699 1042 776 quiescit
1054 701 1227 779 compositus

186 806 257 866 pace
275 781 400 865 placida.
421 783 581 858 Quantum
599 795 660 856 est,
683 783 714 840 in
736 783 862 864 propria
881 783 957 844 urbe
978 785 1149 868 sepultum,
1171 785 1225 844 ubi

173 893 254 954 ,ejus
269 893 400 944 nomen
411 885 442 928 et
456 867 623 930 memorial
1153 890 1158 900 ·

228 963 295 1023 250.
310 959 535 1020 Accommodat
548 971 782 1037 argumentum,
798 958 883 1039 quod
900 971 935 1020 tu
952 959 1103 1036 dilata,
1081 983 1106 1022 si
1123 959 1226 1035 lubet,

188 1047 272 1107 hunc
280 1051 317 1128 in
330 1048 460 1110 modum
472 1069 478 1104 :
491 1049 599 1106 AEneas
615 1060 667 1105 tua
683 1061 728 1106 est
741 1051 919 1128 progenies,
933 1071 999 1110 non
1012 1053 1166 1111 Antenor:
1180 1049 1227 1110 illi

188 1135 298 1196 caelum
312 1135 445 1198 debetur
456 1148 485 1194 te
499 1153 667 1207 annuente,
682 1155 747 1194 non
762 1133 853 1194 huic:
868 1136 921 1195 ille
937 1140 1041 1197 amisit
1055 1159 1161 1212 naves,
1174 1137 1228 1196 hic

186 1224 325 1284 nullam:
345 1223 398 1284 ille
415 1237 605 1324 tempestate
611 1221 746 1302 jactatus
766 1236 823 1298 est;
845 1222 897 1284 hic
916 1226 1086 1307 tranquillo
1106 1245 1228 1308 semper

187 1329 280 1372 vento
293 1313 470 1393 navigavit.
484 1311 539 1370 ille
552 1311 644 1369 unius
656 1312 703 1370 ira
712 1325 839 1370 vexatus
850 1324 955 1372 tenere
967 1313 1057 1396 sedes
1064 1324 1228 1394 nunquam

187 1413 302 1481 potest3
321 1400 371 1461 hie
389 1402 456 1460 Diis
462 1396 719 1481 approbantibus
737 1398 849 1458 sedes
841 1402 974 1474 invenit3
994 1401 1046 1462 ille
1068 1401 1228 1483 proditur,

186 1484 239 1546 hic
261 1487 363 1547 nullas
385 1486 514 1546 insidias
532 1505 640 1566 passus
663 1499 719 1560 est,
740 1485 793 1546 ille
812 1488 987 1550 excluditur
1000 1488 1103 1562 Italia,
1125 1487 1202 1547 hic
1194 1509 1229 1546 sn

188 1596 257 1634 eam
277 1576 439 1634 admissus.
456 1572 503 1644 Ab
524 1572 582 1633 hac
600 1571 797 1650 dilatatione,
820 1575 958 1657 expende
978 1576 1058 1636 alia:
1079 1579 1155 1647 Νοσ,
1179 1588 1230 1638 tua

186 1666 348 1743 progenies,
369 1664 535 1744 participat
550 1661 607 1722 filii
624 1683 763 1737 causam,
783 1685 845 1743 quo
862 1667 970 1724 Jovem
987 1662 1142 1723 efficacius
1161 1683 1229 1722 mo-

187 1765 268 1815 veat.
289 1753 334 1810 Ex
354 1751 468 1818 decoro
488 1753 574 1822 Jovis
592 1754 699 1812 annuis
705 1776 715 1824 ‚·
733 1772 808 1810 nam
827 1751 878 1812 ille
896 1767 976 1812 nutu
996 1753 1109 1832 magis,
1132 1772 1229 1832 quarn

187 1841 288 1901 verbis
300 1843 455 1924 loquitur:
474 1839 570 1902 verbo
583 1841 747 1924 prodimur,
764 1841 962 1908 vehementer
975 1844 1117 1904 vulnerat
1130 1845 1230 1902 11100-

187 1952 275 2008 nem,
291 1953 360 2014 quae
373 1934 479 1994 omnia
492 1931 600 1992 dolose
613 1945 643 1990 et
651 1931 833 2012 proditorie.
846 1929 967 1992 Iudicat
978 1934 1011 1991 in
1021 1953 1085 2014 quo
1095 1931 1231 2014 prodan-

188 2031 254 2094 tur,
274 2043 371 2102 quum
389 2023 449 2082 ait:
465 2019 597 2080 Navibus
613 2023 739 2092 amissis,
757 2020 870 2100 quihus
885 2019 1036 2080 tenendus
1050 2040 1158 2080 cursus
1172 2040 1231 2100 per

178 2111 301 2184 ,maria3
321 2125 352 2170 et
370 2112 458 2192 quia,
479 2107 564 2191 iunge
579 2106 773 2190 disjungimur
786 2108 823 2168 ab
840 2111 896 2168 oris
909 2107 1014 2170 Italice.
1035 2107 1230 2168 Parenthesis

188 2198 377 2280 (infandum)
399 2215 465 2261 tum
477 2198 572 2280 plena
586 2214 633 2258 est
645 2199 885 2278 indignationis,
902 2200 1141 2260 tum-Junonem
1153 2197 1230 2258 lace-

179 2299 251 2361 ¹rat,
263 2309 331 2366 quae
343 2288 391 2348 fas
402 2308 511 2362 omne,
523 2301 555 2348 et
563 2287 747 2365 religionem
758 2297 952 2346 contemnat:
964 2285 1065 2346 Graeci
1078 2288 1227 2364 ἀπόῤῥητον.

230 2374 296 2433 253.
315 2379 415 2434 Mirus
433 2395 552 2448 versus,
572 2377 605 2432 in
627 2395 690 2454 quo
710 2377 794 2431 virus
814 2393 906 2432 omne
927 2373 1135 2453 querelarum,
1152 2393 1230 2434 ,nam

177 2459 280 2541 ,quale
298 2475 340 2520 est
356 2465 465 2522 Jovem
479 2464 604 2526 audire:
622 2461 654 2518 in
670 2459 731 2518 hoc
744 2459 862 2518 honore
880 2471 910 2516 et
924 2461 1026 2540 pretio
1041 2459 1123 2538 apud
1137 2471 1167 2516 te
1181 2465 1231 2518 est

188 2547 302 2631 pietas?
311 2551 368 2609 Sed
380 2553 422 2610 ita
432 2547 542 2610 callide
554 2549 674 2621 omnia,
685 2561 721 2605 ut
731 2567 828 2627 quum
837 2547 970 2606 maxime
980 2548 1229 2627 pungatdovem‚

178 2640 323 2698 maxime
343 2638 459 2700 alliciat
478 2637 593 2696 blanda
614 2634 750 2716 quadam
772 2636 1031 2716 interrogatione,
1052 2648 1082 2694 et
1105 2635 1231 2714 ingene-

188 2741 276 2787 rante
289 2726 438 2788 allectum
450 2724 681 2788 misericordiae.
695 2723 753 2784 Sed
769 2723 859 2806 quale
875 2723 968 2801 illud,
981 2727 1021 2784 sic
1035 2745 1087 2784 nos
1102 2725 1132 2782 iu
1148 2741 1244 2804 scepss·
1317 2785 1325 2804 ⁵

186 2897 216 2949 id
233 2911 287 2963 est,
303 2916 373 2968 aqua
390 2901 469 2949 maris
486 2913 591 2969 premat
607 2917 686 2964 arva,
735 2900 808 2950 uTer
823 2897 958 2969 placidam
976 2894 1228 2948 suasittemerando

186 2976 240 3027 hoc
257 2987 313 3039 est,
330 2975 408 3026 litora
431 2978 519 3026 vicina
537 2979 685 3046 cooperiat,
731 2995 854 3048 rumpere
869 2995 994 3046 pacem.»

187 3056 257 3108 Seru.
274 3051 343 3104 vide
358 3067 436 3104 notas
455 3051 487 3104 de
507 3055 642 3104 Antenore
659 3067 685 3104 et
767 3055 825 3108 251.
836 3057 952 3108 Nauibus
965 3055 1067 3106 amissis.
1082 3055 1136 3106 Cur
1147 3073 1229 3124 quum

187 3133 313 3197 Timavo,
328 3131 380 3183 vol.
394 3133 433 3198 11,
448 3150 507 3202 pag.
522 3129 556 3200 95
570 3143 596 3182 et
608 3149 682 3200 seqq.
729 3151 783 3184 una
793 3134 866 3184 navis
877 3133 993 3203 perierit,
1004 3133 1040 3182 ait
1050 3134 1170 3184 nauibus.-
1184 3145 1230 3184 aut

187 3215 275 3285 Atque
298 3215 325 3266 in
346 3213 437 3283 primis
464 3211 531 3262 duos
554 3211 684 3261 Excursus
730 3210 859 3263 invidiose
877 3211 942 3261 dixit
959 3223 984 3260 et
1003 3223 1158 3282 exaggerat,
1183 3224 1229 3262 aut

188 3295 253 3346 ibid.
267 3314 328 3365 pag.
346 3294 392 3345 183
406 3305 431 3343 et
447 3289 503 3343 185.
731 3293 793 3360 quia
805 3291 893 3342 adhue
906 3289 963 3342 aliae
980 3289 1093 3354 desunt,
1109 3304 1154 3341 aut
1167 3293 1229 3361 quia

226 3373 284 3440 249.
311 3375 465 3443 Compostus.
487 3372 536 3420 Pro
554 3370 686 3438 composi·
731 3388 775 3421 eas
799 3389 853 3421 non
873 3371 984 3440 periisse
1001 3371 1106 3441 ignorat
1122 3371 1227 3424 AEneas.

188 3463 239 3501 tus.
252 3449 371 3518 Syncope
383 3464 421 3501 est
432 3473 438 3500 :
451 3450 563 3500 detraxit
573 3449 641 3498 enim
653 3446 685 3498 de
731 3451 843 3502 Seru-
859 3448 939 3500 Uuius
951 3449 1064 3498 obirem.
1075 3447 1182 3518 Optime
1194 3448 1229 3500 ad

188 3525 276 3580 medio
300 3526 449 3596 syllabam,
470 3541 500 3577 ut
519 3528 576 3578 “Et
589 3525 688 3598 pocula
731 3529 810 3581 linem
831 3530 958 3580 orationis
978 3530 1137 3594 reservavit,
1156 3548 1189 3580 ne
1206 3531 1229 3580 si

188 3607 293 3678 porgite
306 3604 411 3656 dextris.
426 3629 436 3652 u
454 3609 521 3658 Serv.
532 3637 567 3647 -
579 3606 687 3658 Placido
731 3611 800 3661 inter
809 3609 884 3660 initia
894 3608 1016 3675 dixisset,
1032 3610 1151 3660 offensus
1165 3611 1231 3679 Jup-

189 3693 332 3755 compostus
341 3703 411 3753 pace.
423 3687 501 3737 Recte
510 3687 685 3758 placidu,pro
731 3689 800 3758 piter
821 3689 919 3741 sororis
943 3701 969 3740 et
991 3689 1109 3757 conjugis
1131 3687 1230 3756 injuria

192 3783 245 3835 quo
262 3762 384 3821 nonnulli
402 3763 492 3834 legunt
508 3765 621 3836 placita:
640 3767 687 3820 sed
725 3767 907 3820 alienaretur:
923 3786 971 3820 nec
983 3768 1062 3818 etiam
1074 3783 1171 3816 numen
1183 3767 1230 3819 Ju-

183 3845 262 3914 .prius
273 3839 408 3910 epitheton
418 3860 472 3891 non
482 3843 618 3914 displicet,
632 3865 685 3916 quo
730 3849 807 3898 nonis
825 3850 930 3917 posuit,
950 3858 980 3896 ut
997 3845 1053 3895 sine
1071 3843 1176 3896 offensa
1186 3845 1229 3898 ad

189 3924 268 3976 etiam
280 3937 342 3972 usus
355 3933 395 3971 est
407 3919 484 3972 Silius
492 3922 598 3976 Italicus
608 3924 684 3978 lib.1.
727 3927 886 3997 injuriarum
908 3942 1047 3979 nanterum
1068 3925 1222 3994 perveniret
