2644 4614
287 335 339 400 IN
363 327 597 400 AENEIDOS
621 332 849 401 murrii.
1024 337 1086 404 525

44 471 121 522 sunt
131 473 238 522 castae·
231 505 239 536 ‚
250 458 369 542 pilenta
381 458 500 519 mollia.
514 459 590 544 Spnt
601 455 674 518 Salii
687 458 862 519 Sacerdotes
872 458 1001 564 illartis,
1015 462 1090 521 dicti

45 571 67 610 a
78 550 225 624 saliendo,
242 564 367 632 propter
379 547 535 632 tripudia3
550 547 681 628 Luperci
692 549 812 608 Panos:
806 551 929 630 .apices
942 550 981 610 ad
993 551 1091 672 flami·

45 661 105 699 nes
118 642 284 722 pertinent

88 729 158 788 666.
173 731 242 790 Non
255 740 436 810 oportuerat
447 725 622 786 Vulcanum
634 727 791 807 praeterire
804 725 873 786 loco
885 749 946 787 sure
959 669 1093 790 officinae

46 817 195 896 proxima
207 839 213 874 :
227 830 314 878 erant
327 817 371 876 ibi
382 815 459 876 sedes
474 818 633 888 Tartareoe‚·
644 815 830 895 appositive,
844 813 906 876 alta
917 819 990 875 ostia
1001 819 1076 876 Ditis
1083 841 1094 890 ,·

46 905 107 964 ubi
119 904 181 966 alta
191 921 265 966 sunt
275 905 451 987 profunda,
464 906 538 986 quia
547 905 694 963 Tartarus
704 903 893 984 profundior
902 925 972 984 pars
985 903 1075 964 inferi
1088 927 1095 964 :

46 994 137 1074 picto
148 995 278 1054 Tartaro
287 1017 367 1078 ,par
381 1009 447 1055 erat
458 993 678 1053 damnatorum
692 993 827 1072 aliquem
840 991 886 1051 ibi
898 991 1021 1074 effingi3
1037 995 1097 1052 Ca·

48 1080 178 1142 tilinam
188 1082 281 1166 elegit
287 1097 397 1167 poeta,
409 1085 463 1165 qui
474 1080 623 1164 penderet
634 1103 669 1142 ex
679 1080 807 1184 scopulo
821 1082 990 1156 altissimo,
1003 1095 1033 1141 et
1043 1082 1098 1162 qui

47 1169 211 1230 videretur
221 1193 345 1232 rumam
359 1173 493 1232 minari:
509 1170 662 1230 damnatis
675 1171 808 1253 opponit
820 1171 907 1251 pios
920 1183 950 1230 et
958 1169 1098 1250 judicem
1135 1167 1137 1172 ’

49 1254 181 1318 illorum
193 1259 267 1320 facit
279 1263 510 1322 severissimum
523 1261 684 1320 Catonem

92 1344 162 1425 671.
177 1348 401 1408 Praecesseruut
414 1347 522 1408 inferi·
515 1359 706 1429 sequentur
717 1367 789 1406 mox
802 1346 923 1428 superi:
939 1346 970 1404 in
986 1341 1100 1404 horum

50 1433 159 1494 medio
174 1435 332 1496 visebatur
345 1457 448 1511 mare
467 1451 498 1496 et
512 1437 617 1517 ipsum
632 1434 760 1518 quidem
775 1456 810 1494 ex
826 1455 919 1508 auro;
942 1434 1075 1494 fluctus
1068 1453 1102 1492 in

52 1539 93 1580 eo
108 1524 178 1581 caui
191 1523 230 1582 ab
244 1523 369 1584 albente
383 1545 513 1606 spuma3
528 1524 815 1605 praeternatabant
807 1544 839 1582 rn
853 1521 961 1583 orbern
974 1521 1104 1606 Delphi·

50 1628 111 1669 nes
127 1627 282 1673 verrentes
294 1612 401 1674 caudis
419 1629 450 1674 et
467 1627 604 1674 secantes
621 1615 737 1688 maria3
759 1625 847 1673 erant
858 1633 933 1672 vero
952 1610 1047 1687 clari,
1069 1624 1106 1670 ut

52 1699 111 1779 qui
126 1697 204 1760 facti
218 1722 255 1762 ex
272 1717 412 1785 argento.
435 1705 551 1762 Vocem
569 1700 678 1762 comta
696 1703 806 1782 accipit
821 1715 913 1784 poeta
931 1722 989 1784 pro
1008 1701 1107 1776 mari,

53 1807 123 1846 non
134 1809 193 1870 pro
205 1793 328 1871 signato
341 1791 462 1865 colore;
483 1812 559 1850 nam
577 1792 736 1872 praecessit
754 1793 852 1872 imaqo
871 1809 979 1850 aurea:
999 1789 1106 1870 itaque

54 1877 209 1936 sententia
223 1890 284 1952 est3
298 1877 406 1938 coerula
414 1923 423 1952 ,
439 1877 547 1955 idest,
562 1879 660 1938 maria
673 1898 832 1961 spumasse
843 1897 922 1938 cano
935 1876 1052 1936 lluctu:
1072 1877 1108 1935 in

53 1961 155 2024 verbo
168 1965 244 2040 ibat,
260 1969 361 2049 signat
373 1969 492 2028 fluxum
508 1984 539 2029 et
551 1968 715 2030 refluxum.

98 2052 166 2134 675.
182 2054 351 2118 Visebatur
367 2061 401 2118 in
418 2058 522 2119 medio
539 2059 618 2118 mari
635 2057 779 2118 classicus
792 2057 909 2116 Actiaci
926 2054 1000 2114 belli
1015 2073 1108 2134 appa·

57 2154 160 2217 ratus,
175 2157 205 2203 et
213 2149 320 2208 omnia
332 2148 371 2219 ad
379 2147 496 2208 bellum
504 2148 764 2218 instructissima,
778 2159 872 2224 atque
881 2163 918 2200 ex
928 2143 1007 2199 mira
1017 2142 1110 2200 disci·

57 2229 171 2312 plina:
199 2234 386 2295 cernebatur
404 2258 441 2296 ex
459 2257 612 2297 concursu
630 2236 760 2294 navium
782 2251 868 2290 mare
886 2229 1005 2290 fervere
1020 2228 1112 2307 juxta

59 2319 219 2378 Leucaten
236 2325 489 2400 promontorium
505 2324 609 2404 Epiri,
629 2333 658 2388 et
675 2322 708 2378 in
725 2319 804 2378 mari
822 2313 1016 2396 effulgebant
1034 2334 1111 2373 auro

61 2405 197 2465 fluctus.
227 2423 317 2469 vocat
335 2409 385 2470 hic
403 2431 505 2470 aureos
513 2411 642 2493 flactris,
667 2430 745 2490 quos
766 2427 860 2488 supra
883 2420 987 2464 tamen
1007 2424 1112 2479 conos;

66 2490 155 2575 quod
167 2493 268 2556 refero
281 2496 320 2556 ad
332 2511 455 2578 partem
467 2499 596 2578 picturae
608 2515 834 2578 repercussam

108 2581 176 2663 678.
191 2587 267 2646 Erat
278 2589 433 2668 Augustus
446 2589 525 2646 tanti
537 2587 599 2648 dux
611 2586 706 2648 belli:
698 2598 804 2646 ·notae
814 2585 848 2644 in
858 2603 895 2643 eo
908 2602 1014 2663 magni
1006 2581 1113 2641 Prin·

104 2769 164 2824 666.
178 2773 289 2828 Pilentis
299 2788 392 2831 matres
403 2779 430 2829 in
441 2777 569 2831 mollibus.
617 2780 780 2834 «Tartareas
795 2774 874 2835 sedes,
882 2797 910 2839 s,
925 2784 955 2824 ut
968 2771 1035 2824 nihil
1046 2789 1114 2842 prte-

67 2848 172 2902 Pilenta
183 2865 245 2904 sunt
260 2853 396 2920 vehicula,
416 2859 485 2909 sicut
495 2875 569 2914 ,nuno
614 2860 764 2909 termissum
776 2855 918 2908 videretur.
929 2855 999 2905 Serv.

68 2929 209 2982 basternas
228 2932 357 2988 videmus.
379 2935 462 2986 Erant
481 2949 570 2988 autem
649 2935 711 2988 668.
719 2938 795 2999 Ettc,
808 2934 931 2998 Catilina,
942 2930 1115 2982 minaciPen·

70 3019 135 3060 tuuc
149 3013 237 3063 veneti
251 3013 364 3078 coloris,
380 3033 442 3066 non.
453 3027 483 3066 ut
498 3034 570 3068 nunc
614 3014 716 3066 dentem
725 3013 839 3105 scopulo.
851 3013 908 3063 lloc
918 3012 996 3082 quasi
1005 3011 1032 3060 in
1042 3008 1115 3062 Cice·

71 3101 134 3140 sunt
144 3093 255 3160 russati,
268 3093 508 3164 quibusnisicastae
517 3114 571 3147 ma·
615 3095 812 3184 ronisgratiam·
815 3089 1037 3142 dictumvidetur.
1043 3088 1115 3140 Serv.

71 3181 155 3220 tronae
167 3173 206 3222 uti
217 3189 273 3224 non
286 3186 424 3244 poterant,
439 3177 507 3227 sieut
521 3193 570 3227 nec
615 3171 738 3244 —Apud
747 3185 861 3244 tragicos
869 3185 1061 3222 immanissima
1067 3164 1116 3218 ba

71 3250 158 3314 vittis,
170 3253 330 3308 undeaddit
344 3257 431 3308 Castoe.
446 3255 572 3308 Mollibus
615 3254 748 3306 bebatur
742 3263 912 3324 imprecatio
927 3261 956 3300 ut
970 3247 1028 3318 quis
1043 3245 1116 3318 apud

74 3341 177 3394 autem,
193 3333 356 3401 pensilibus:
370 3348 401 3386 ut
412 3334 492 3386 molle
500 3334 573 3405 sere·
616 3334 719 3386 inferos
734 3335 814 3385 etiam
833 3333 860 3381 in
879 3329 986 3382 sublimi
1004 3327 1115 3398 scopulo

75 3418 158 3473 triam,
167 3423 193 3461 et
201 3411 290 3463 oscilla
296 3413 402 3466 mollia:
412 3429 506 3468 contra
513 3412 574 3484 plu·
616 3414 765 3485 insepultus
778 3410 902 3483 pendeat.

74 3505 131 3539 mas
135 3488 244 3559 pensiles
251 3490 377 3559 dicimus,
387 3505 413 3545 et
420 3491 513 3544 molles
522 3493 574 3564 sig·
654 3494 715 3563 670.
728 3493 889 3562 Secretusque
896 3489 961 3560 pios.
974 3487 1028 3539 Aut
1039 3488 1067 3538 in
1079 3504 1119 3540 se·

10 3631 12 3634 Ι
75 3566 234 3621 nificamus:
257 3584 283 3622 et
303 3571 438 3639 mollibus,
460 3571 575 3624 molliter
620 3585 694 3626 creto
706 3581 855 3636 morantes,
869 3578 914 3620 aut
926 3566 1120 3638 participaliter

76 3649 181 3700 stratis:
192 3649 300 3719 quidam
308 3651 423 3722 pilenta,
432 3653 576 3705 tectaoisia
622 3653 655 3704 ab
668 3652 720 3705 illis
733 3663 859 3703 secretos.
880 3649 907 3701 S.
926 3677 954 3688 -
965 3647 1056 3699 Horat.
1071 3647 1117 3700 lib.

74 3726 156 3800 vulgo
176 3728 248 3782 dicta
266 3730 382 3784 tradunt.
402 3734 471 3786 Serv.
488 3763 522 3772 -—
536 3732 576 3784 Ila
620 3734 658 3798 ll,
678 3732 722 3783 od.
735 3732 810 3795 Xlll,
824 3746 871 3793 22,
892 3729 945 3778 «Et
955 3727 1119 3797 judicantem

76 3806 130 3859 hoo
150 3808 266 3862 vehiculi
282 3829 379 3882 genere
395 3811 448 3863 vid.
467 3812 576 3862 omnino
620 3811 734 3864 vidimus
747 3813 870 3874 Eanum,
880 3807 1120 3879 Sedesquedisore·

78 3907 137 3960 qua
151 3886 304 3942 Schetfems
318 3889 352 3942 de
367 3891 405 3941 Re
422 3888 576 3940 Vehiculari
620 3905 661 3944 tas
681 3893 795 3963 piorum.
807 3912 819 3936 s
831 3888 923 3939 -Hr's
939 3887 1044 3938 danum
1058 3889 1119 3956 jura

1 4001 2 4008 κ
78 3969 578 4042 ll,25.-Hincprocul.Beneatem-
623 3965 947 4040 Catonemtetsignificat,
961 3966 1118 4026 Uticam,

79 4051 131 4122 plis
147 4050 225 4122 longe
245 4050 347 4106 inferos
364 4052 446 4104 facit:
466 4063 493 4104 et
508 4049 577 4103 bene
623 4053 770 4122 quicontra
778 4047 906 4100 Cesaram
914 4044 985 4098 bella
993 4043 1119 4112 suscepit.
