<?xml version="1.0" encoding="UTF-8"?>
<!DOCTYPE html PUBLIC "-//W3C//DTD XHTML 1.0 Transitional//EN"
    "http://www.w3.org/TR/xhtml1/DTD/xhtml1-transitional.dtd">
<html xmlns="http://www.w3.org/1999/xhtml" xml:lang="en" lang="en">
 <head>
  <title>
</title>
<meta http-equiv="Content-Type" content="text/html;charset=utf-8" />
  <meta name='ocr-system' content='tesseract 3.04.00' />
  <meta name='ocr-capabilities' content='ocr_page ocr_carea ocr_par ocr_line ocrx_word'/>
</head>
<body>
  <div class='ocr_page' id='page_1' title='image "./pvirgiliusmaroq02barbgoog_0134.png"; bbox 0 0 2700 4586; ppageno 0'>
   <div class='ocr_carea' id='block_1_1' title="bbox 230 270 937 348">
    <p class='ocr_par' dir='ltr' id='par_1_1' title="bbox 230 270 937 348">
     <span class='ocr_line' id='line_1_1' title="bbox 230 270 937 348; baseline -0.006 -8"><span class='ocrx_word' id='word_1_1' title='bbox 230 275 271 348; x_wconf 78' lang='lat'>88.</span> <span class='ocrx_word' id='word_1_2' title='bbox 557 270 937 338; x_wconf 80' lang='lat' dir='ltr'><strong>COMMENTARIA</strong></span> 
     </span>
    </p>
   </div>
   <div class='ocr_carea' id='block_1_2' title="bbox 149 393 1345 2242">
    <p class='ocr_par' dir='ltr' id='par_1_2' title="bbox 149 393 1274 1179">
     <span class='ocr_line' id='line_1_2' title="bbox 233 393 1273 479; baseline -0.004 -22"><span class='ocrx_word' id='word_1_3' title='bbox 233 398 335 479; x_wconf 75' lang='lat' dir='ltr'><strong><em>incipit</em></strong></span> <span class='ocrx_word' id='word_1_4' title='bbox 345 393 458 456; x_wconf 81' lang='lat' dir='ltr'>abolere</span> <span class='ocrx_word' id='word_1_5' title='bbox 467 393 612 476; x_wconf 82' lang='lat' dir='ltr'>paulatim</span> <span class='ocrx_word' id='word_1_6' title='bbox 624 393 771 456; x_wconf 78' lang='lat' dir='ltr'>Siclroenm</span> <span class='ocrx_word' id='word_1_7' title='bbox 785 415 821 454; x_wconf 85' lang='lat' dir='ltr'>ex</span> <span class='ocrx_word' id='word_1_8' title='bbox 836 395 941 454; x_wconf 87' lang='lat' dir='ltr'>animo</span> <span class='ocrx_word' id='word_1_9' title='bbox 954 395 1088 474; x_wconf 71' lang='lat' dir='ltr'>Regina.</span> <span class='ocrx_word' id='word_1_10' title='bbox 1106 397 1174 455; x_wconf 89' lang='lat' dir='ltr'>Hoc</span> <span class='ocrx_word' id='word_1_11' title='bbox 1185 400 1213 454; x_wconf 74' lang='grc' dir='ltr'>ἐκ</span> <span class='ocrx_word' id='word_1_12' title='bbox 1225 405 1273 455; x_wconf 78' lang='grc' dir='ltr'>τοῦ</span> 
     </span>
     <span class='ocr_line' id='line_1_3' title="bbox 230 482 1273 566; baseline -0.004 -20"><span class='ocrx_word' id='word_1_13' title='bbox 230 491 366 566; x_wconf 73' lang='grc' dir='ltr'><strong>πρέποντος</strong></span> <span class='ocrx_word' id='word_1_14' title='bbox 376 483 415 542; x_wconf 88' lang='lat' dir='ltr'>ad</span> <span class='ocrx_word' id='word_1_15' title='bbox 426 485 657 548; x_wconf 88' lang='lat' dir='ltr'>excusationem</span> <span class='ocrx_word' id='word_1_16' title='bbox 666 482 812 543; x_wconf 86' lang='lat' dir='ltr'>videlicet</span> <span class='ocrx_word' id='word_1_17' title='bbox 821 485 936 559; x_wconf 83' lang='lat' dir='ltr'>AEneae,</span> <span class='ocrx_word' id='word_1_18' title='bbox 946 496 978 542; x_wconf 90' lang='lat' dir='ltr'>et</span> <span class='ocrx_word' id='word_1_19' title='bbox 986 485 1132 558; x_wconf 83' lang='lat' dir='ltr'>Didonis,</span> <span class='ocrx_word' id='word_1_20' title='bbox 1143 505 1183 542; x_wconf 90' lang='lat' dir='ltr'>ne</span> <span class='ocrx_word' id='word_1_21' title='bbox 1192 497 1273 544; x_wconf 88' lang='lat' dir='ltr'>uter-</span> 
     </span>
     <span class='ocr_line' id='line_1_4' title="bbox 230 569 1271 654; baseline 0 -24"><span class='ocrx_word' id='word_1_22' title='bbox 230 592 290 652; x_wconf 90' lang='lat' dir='ltr'>que</span> <span class='ocrx_word' id='word_1_23' title='bbox 303 571 445 634; x_wconf 90' lang='lat' dir='ltr'>videatur</span> <span class='ocrx_word' id='word_1_24' title='bbox 456 585 569 654; x_wconf 80' lang='lat' dir='ltr'>praeter</span> <span class='ocrx_word' id='word_1_25' title='bbox 581 571 728 633; x_wconf 89' lang='lat' dir='ltr'>decorum</span> <span class='ocrx_word' id='word_1_26' title='bbox 740 573 904 652; x_wconf 81' lang='lat' dir='ltr'>incoepisse</span> <span class='ocrx_word' id='word_1_27' title='bbox 916 591 1048 646; x_wconf 83' lang='lat' dir='ltr'>amores3</span> <span class='ocrx_word' id='word_1_28' title='bbox 1061 571 1132 631; x_wconf 87' lang='lat' dir='ltr'>ideo</span> <span class='ocrx_word' id='word_1_29' title='bbox 1146 569 1271 654; x_wconf 87' lang='lat' dir='ltr'>Cupido</span> 
     </span>
     <span class='ocr_line' id='line_1_5' title="bbox 229 657 1274 741; baseline 0.002 -25"><span class='ocrx_word' id='word_1_30' title='bbox 229 678 296 716; x_wconf 91' lang='lat' dir='ltr'>rem</span> <span class='ocrx_word' id='word_1_31' title='bbox 308 661 387 738; x_wconf 75' lang='lat' dir='ltr'>gerit</span> <span class='ocrx_word' id='word_1_32' title='bbox 401 661 551 741; x_wconf 89' lang='lat' dir='ltr'>impense.</span> <span class='ocrx_word' id='word_1_33' title='bbox 564 662 679 722; x_wconf 89' lang='lat' dir='ltr'>Vocem</span> <span class='ocrx_word' id='word_1_34' title='bbox 692 657 835 740; x_wconf 81' lang='lat' dir='ltr'>paulatim</span> <span class='ocrx_word' id='word_1_35' title='bbox 850 681 914 720; x_wconf 90' lang='lat' dir='ltr'>non</span> <span class='ocrx_word' id='word_1_36' title='bbox 928 661 1035 741; x_wconf 83' lang='lat' dir='ltr'>paucis</span> <span class='ocrx_word' id='word_1_37' title='bbox 1050 660 1199 740; x_wconf 81' lang='lat' dir='ltr'>expendit</span> <span class='ocrx_word' id='word_1_38' title='bbox 1213 661 1274 718; x_wconf 60' lang='lat' dir='ltr'>Re</span> 
     </span>
     <span class='ocr_line' id='line_1_6' title="bbox 229 743 1273 830; baseline 0 -26"><span class='ocrx_word' id='word_1_39' title='bbox 229 743 334 825; x_wconf 78' lang='lat' dir='ltr'>gulus‚</span> <span class='ocrx_word' id='word_1_40' title='bbox 345 745 477 808; x_wconf 77' lang='lat' dir='ltr'>referens</span> <span class='ocrx_word' id='word_1_41' title='bbox 485 749 524 810; x_wconf 90' lang='lat' dir='ltr'>ad</span> <span class='ocrx_word' id='word_1_42' title='bbox 533 749 647 830; x_wconf 77' lang='lat' dir='ltr'>gradus</span> <span class='ocrx_word' id='word_1_43' title='bbox 657 749 815 807; x_wconf 86' lang='lat' dir='ltr'>vitiorum.</span> <span class='ocrx_word' id='word_1_44' title='bbox 827 749 931 828; x_wconf 80' lang='lat' dir='ltr'>Pergit</span> <span class='ocrx_word' id='word_1_45' title='bbox 942 748 1049 820; x_wconf 81' lang='lat' dir='ltr'>Amor,</span> <span class='ocrx_word' id='word_1_46' title='bbox 1060 760 1090 806; x_wconf 88' lang='lat' dir='ltr'>et</span> <span class='ocrx_word' id='word_1_47' title='bbox 1101 759 1193 806; x_wconf 85' lang='lat' dir='ltr'>tentet</span> <span class='ocrx_word' id='word_1_48' title='bbox 1200 767 1273 828; x_wconf 83' lang='lat' dir='ltr'>prce-</span> 
     </span>
     <span class='ocr_line' id='line_1_7' title="bbox 149 833 1273 916; baseline 0.002 -26"><span class='ocrx_word' id='word_1_49' title='bbox 149 893 151 898; x_wconf 65' lang='lat'>,</span> <span class='ocrx_word' id='word_1_50' title='bbox 229 845 335 892; x_wconf 84' lang='lat' dir='ltr'>vertere</span> <span class='ocrx_word' id='word_1_51' title='bbox 354 855 452 894; x_wconf 78' lang='lat' dir='ltr'>aurore</span> <span class='ocrx_word' id='word_1_52' title='bbox 471 839 550 910; x_wconf 85' lang='lat' dir='ltr'>vivo,</span> <span class='ocrx_word' id='word_1_53' title='bbox 573 835 605 895; x_wconf 92' lang='lat' dir='ltr'>id</span> <span class='ocrx_word' id='word_1_54' title='bbox 627 848 687 910; x_wconf 89' lang='lat' dir='ltr'>est,</span> <span class='ocrx_word' id='word_1_55' title='bbox 708 834 896 910; x_wconf 87' lang='lat' dir='ltr'>vehementi,</span> <span class='ocrx_word' id='word_1_56' title='bbox 916 834 966 894; x_wconf 83' lang='lat' dir='ltr'>vel</span> <span class='ocrx_word' id='word_1_57' title='bbox 984 848 1065 896; x_wconf 84' lang='lat' dir='ltr'>certe</span> <span class='ocrx_word' id='word_1_58' title='bbox 1083 835 1146 912; x_wconf 81' lang='lat' dir='ltr'>(sic</span> <span class='ocrx_word' id='word_1_59' title='bbox 1166 833 1273 916; x_wconf 84' lang='lat' dir='ltr'>placet</span> 
     </span>
     <span class='ocr_line' id='line_1_8' title="bbox 230 921 1272 1002; baseline 0.002 -24"><span class='ocrx_word' id='word_1_60' title='bbox 230 921 354 1002; x_wconf 85' lang='lat' dir='ltr'>Servio)</span> <span class='ocrx_word' id='word_1_61' title='bbox 370 925 501 984; x_wconf 88' lang='lat' dir='ltr'>viventis</span> <span class='ocrx_word' id='word_1_62' title='bbox 519 927 621 986; x_wconf 84' lang='lat' dir='ltr'>AEneae</span> <span class='ocrx_word' id='word_1_63' title='bbox 639 923 754 984; x_wconf 82' lang='lat' dir='ltr'>affectu</span> <span class='ocrx_word' id='word_1_64' title='bbox 770 938 800 984; x_wconf 90' lang='lat' dir='ltr'>et</span> <span class='ocrx_word' id='word_1_65' title='bbox 817 944 938 999; x_wconf 88' lang='lat' dir='ltr'>amore,</span> <span class='ocrx_word' id='word_1_66' title='bbox 958 923 1074 983; x_wconf 85' lang='lat' dir='ltr'>abolito</span> <span class='ocrx_word' id='word_1_67' title='bbox 1087 936 1214 982; x_wconf 88' lang='lat' dir='ltr'>mortuo</span> <span class='ocrx_word' id='word_1_68' title='bbox 1229 923 1272 981; x_wconf 83' lang='lat' dir='ltr'>si-</span> 
     </span>
     <span class='ocr_line' id='line_1_9' title="bbox 230 1006 1274 1096; baseline -0.001 -29"><span class='ocrx_word' id='word_1_69' title='bbox 230 1006 331 1084; x_wconf 82' lang='lat' dir='ltr'>chaen,</span> <span class='ocrx_word' id='word_1_70' title='bbox 345 1010 530 1096; x_wconf 83' lang='lat' dir='ltr'>animosjnm</span> <span class='ocrx_word' id='word_1_71' title='bbox 540 1013 652 1095; x_wconf 82' lang='lat' dir='ltr'>pridem</span> <span class='ocrx_word' id='word_1_72' title='bbox 665 1013 780 1086; x_wconf 83' lang='lat' dir='ltr'>resides,</span> <span class='ocrx_word' id='word_1_73' title='bbox 793 1012 935 1094; x_wconf 81' lang='lat' dir='ltr'>cordaque</span> <span class='ocrx_word' id='word_1_74' title='bbox 945 1011 1073 1078; x_wconf 83' lang='lat' dir='ltr'>desueta,</span> <span class='ocrx_word' id='word_1_75' title='bbox 1087 1009 1119 1069; x_wconf 93' lang='lat' dir='ltr'>id</span> <span class='ocrx_word' id='word_1_76' title='bbox 1132 1023 1193 1085; x_wconf 90' lang='lat' dir='ltr'>est,</span> <span class='ocrx_word' id='word_1_77' title='bbox 1207 1011 1274 1068; x_wconf 89' lang='lat' dir='ltr'>ani-</span> 
     </span>
     <span class='ocr_line' id='line_1_10' title="bbox 230 1097 1131 1179; baseline 0.006 -24"><span class='ocrx_word' id='word_1_78' title='bbox 230 1117 298 1156; x_wconf 89' lang='lat' dir='ltr'>mos</span> <span class='ocrx_word' id='word_1_79' title='bbox 312 1097 494 1179; x_wconf 81' lang='lat' dir='ltr'>languidos,</span> <span class='ocrx_word' id='word_1_80' title='bbox 511 1104 642 1177; x_wconf 89' lang='lat' dir='ltr'>otiosos,</span> <span class='ocrx_word' id='word_1_81' title='bbox 657 1115 687 1162; x_wconf 89' lang='lat' dir='ltr'>et</span> <span class='ocrx_word' id='word_1_82' title='bbox 700 1101 797 1162; x_wconf 83' lang='lat' dir='ltr'>veluti</span> <span class='ocrx_word' id='word_1_83' title='bbox 812 1103 850 1162; x_wconf 92' lang='lat' dir='ltr'>ab</span> <span class='ocrx_word' id='word_1_84' title='bbox 864 1122 968 1162; x_wconf 90' lang='lat' dir='ltr'>amore</span> <span class='ocrx_word' id='word_1_85' title='bbox 980 1099 1131 1160; x_wconf 85' lang='lat' dir='ltr'>feriantes.</span> 
     </span>
    </p>

    <p class='ocr_par' dir='ltr' id='par_1_3' title="bbox 229 1186 1345 1606">
     <span class='ocr_line' id='line_1_11' title="bbox 270 1186 1275 1274; baseline 0 -28"><span class='ocrx_word' id='word_1_86' title='bbox 270 1188 337 1267; x_wconf 78' lang='lat'><strong>723.</strong></span> <span class='ocrx_word' id='word_1_87' title='bbox 351 1191 490 1270; x_wconf 88' lang='lat' dir='ltr'>Spatium</span> <span class='ocrx_word' id='word_1_88' title='bbox 502 1194 584 1252; x_wconf 91' lang='lat' dir='ltr'>inter</span> <span class='ocrx_word' id='word_1_89' title='bbox 594 1195 729 1274; x_wconf 87' lang='lat' dir='ltr'>primam</span> <span class='ocrx_word' id='word_1_90' title='bbox 739 1205 769 1251; x_wconf 90' lang='lat' dir='ltr'>et</span> <span class='ocrx_word' id='word_1_91' title='bbox 781 1192 947 1252; x_wconf 87' lang='lat' dir='ltr'>secundam</span> <span class='ocrx_word' id='word_1_92' title='bbox 957 1211 1096 1250; x_wconf 87' lang='lat' dir='ltr'>mensam</span> <span class='ocrx_word' id='word_1_93' title='bbox 1109 1186 1275 1248; x_wconf 82' lang='lat' dir='ltr'>dicebatur</span> 
     </span>
     <span class='ocr_line' id='line_1_12' title="bbox 230 1279 1345 1362; baseline -0.001 -26"><span class='ocrx_word' id='word_1_94' title='bbox 230 1279 357 1357; x_wconf 81' lang='lat' dir='ltr'>proprie</span> <span class='ocrx_word' id='word_1_95' title='bbox 371 1283 459 1360; x_wconf 87' lang='lat' dir='ltr'>quies.</span> <span class='ocrx_word' id='word_1_96' title='bbox 476 1283 512 1342; x_wconf 90' lang='lat' dir='ltr'>ln</span> <span class='ocrx_word' id='word_1_97' title='bbox 529 1279 589 1347; x_wconf 87' lang='lat' dir='ltr'>hoc</span> <span class='ocrx_word' id='word_1_98' title='bbox 603 1282 702 1362; x_wconf 88' lang='lat' dir='ltr'>spatio</span> <span class='ocrx_word' id='word_1_99' title='bbox 717 1292 898 1340; x_wconf 87' lang='lat' dir='ltr'>statuuntur</span> <span class='ocrx_word' id='word_1_100' title='bbox 911 1293 1042 1340; x_wconf 80' lang='lat' dir='ltr'>crateres</span> <span class='ocrx_word' id='word_1_101' title='bbox 1055 1279 1163 1359; x_wconf 77' lang='lat' dir='ltr'>magni</span> <span class='ocrx_word' id='word_1_102' title='bbox 1178 1290 1211 1337; x_wconf 90' lang='lat' dir='ltr'>et</span> <span class='ocrx_word' id='word_1_103' title='bbox 1225 1297 1275 1336; x_wconf 87' lang='lat' dir='ltr'>ce·</span> <span class='ocrx_word' id='word_1_104' title='bbox 1344 1299 1345 1346; x_wconf 76' lang='lat' dir='ltr'>i</span> 
     </span>
     <span class='ocr_line' id='line_1_13' title="bbox 229 1365 1345 1452; baseline -0.002 -30"><span class='ocrx_word' id='word_1_105' title='bbox 229 1385 321 1444; x_wconf 87' lang='lat' dir='ltr'>paces</span> <span class='ocrx_word' id='word_1_106' title='bbox 340 1368 379 1426; x_wconf 87' lang='lat' dir='ltr'>ad</span> <span class='ocrx_word' id='word_1_107' title='bbox 399 1391 499 1446; x_wconf 82' lang='lat' dir='ltr'>sacra3</span> <span class='ocrx_word' id='word_1_108' title='bbox 519 1369 554 1429; x_wconf 82' lang='lat' dir='ltr'>fit</span> <span class='ocrx_word' id='word_1_109' title='bbox 572 1368 699 1444; x_wconf 84' lang='lat' dir='ltr'>libatio;</span> <span class='ocrx_word' id='word_1_110' title='bbox 719 1371 871 1430; x_wconf 83' lang='lat' dir='ltr'>excitatur</span> <span class='ocrx_word' id='word_1_111' title='bbox 889 1371 1049 1452; x_wconf 87' lang='lat' dir='ltr'>strepitus,</span> <span class='ocrx_word' id='word_1_112' title='bbox 1068 1366 1276 1445; x_wconf 84' lang='lat' dir='ltr'>hilaritasque</span> <span class='ocrx_word' id='word_1_113' title='bbox 1344 1365 1345 1420; x_wconf 52' lang='lat'><em>4</em></span> 
     </span>
     <span class='ocr_line' id='line_1_14' title="bbox 229 1451 1275 1540; baseline 0.001 -30"><span class='ocrx_word' id='word_1_114' title='bbox 229 1451 467 1532; x_wconf 81' lang='lat' dir='ltr'>plaudentium:</span> <span class='ocrx_word' id='word_1_115' title='bbox 487 1456 594 1540; x_wconf 89' lang='lat' dir='ltr'>lychni</span> <span class='ocrx_word' id='word_1_116' title='bbox 609 1460 652 1517; x_wconf 89' lang='lat' dir='ltr'>ita</span> <span class='ocrx_word' id='word_1_117' title='bbox 667 1459 827 1518; x_wconf 86' lang='lat' dir='ltr'>numerosi</span> <span class='ocrx_word' id='word_1_118' title='bbox 842 1457 978 1518; x_wconf 89' lang='lat' dir='ltr'>etmulti</span> <span class='ocrx_word' id='word_1_119' title='bbox 992 1470 1077 1530; x_wconf 85' lang='lat' dir='ltr'>sunt,</span> <span class='ocrx_word' id='word_1_120' title='bbox 1098 1467 1133 1514; x_wconf 88' lang='lat' dir='ltr'>ut</span> <span class='ocrx_word' id='word_1_121' title='bbox 1146 1467 1275 1514; x_wconf 88' lang='lat' dir='ltr'>noctem</span> 
     </span>
     <span class='ocr_line' id='line_1_15' title="bbox 231 1541 980 1606; baseline 0.011 -10"><span class='ocrx_word' id='word_1_122' title='bbox 231 1541 324 1598; x_wconf 86' lang='lat' dir='ltr'>etiam</span> <span class='ocrx_word' id='word_1_123' title='bbox 341 1541 473 1602; x_wconf 88' lang='lat' dir='ltr'>llammis</span> <span class='ocrx_word' id='word_1_124' title='bbox 488 1547 626 1606; x_wconf 88' lang='lat' dir='ltr'>vincant.</span> <span class='ocrx_word' id='word_1_125' title='bbox 979 1549 980 1552; x_wconf 68' lang='grc'>’</span> 
     </span>
    </p>

    <p class='ocr_par' dir='ltr' id='par_1_4' title="bbox 229 1629 1279 2242">
     <span class='ocr_line' id='line_1_16' title="bbox 272 1629 1277 1716; baseline 0.003 -30"><span class='ocrx_word' id='word_1_126' title='bbox 272 1631 338 1708; x_wconf 86' lang='lat'>728.</span> <span class='ocrx_word' id='word_1_127' title='bbox 350 1629 425 1706; x_wconf 91' lang='lat' dir='ltr'>Hic,</span> <span class='ocrx_word' id='word_1_128' title='bbox 436 1633 470 1692; x_wconf 91' lang='lat' dir='ltr'>in</span> <span class='ocrx_word' id='word_1_129' title='bbox 479 1631 539 1693; x_wconf 90' lang='lat' dir='ltr'>hoe</span> <span class='ocrx_word' id='word_1_130' title='bbox 549 1635 699 1716; x_wconf 89' lang='lat' dir='ltr'>temporis</span> <span class='ocrx_word' id='word_1_131' title='bbox 708 1634 855 1710; x_wconf 89' lang='lat' dir='ltr'>articulo,</span> <span class='ocrx_word' id='word_1_132' title='bbox 866 1637 898 1694; x_wconf 91' lang='lat' dir='ltr'>in</span> <span class='ocrx_word' id='word_1_133' title='bbox 908 1636 976 1716; x_wconf 88' lang='lat' dir='ltr'>ipsa</span> <span class='ocrx_word' id='word_1_134' title='bbox 986 1635 1089 1716; x_wconf 86' lang='lat' dir='ltr'>quiete</span> <span class='ocrx_word' id='word_1_135' title='bbox 1099 1633 1277 1715; x_wconf 88' lang='lat' dir='ltr'>spatioque,</span> 
     </span>
     <span class='ocr_line' id='line_1_17' title="bbox 232 1713 1276 1800; baseline 0.006 -29"><span class='ocrx_word' id='word_1_136' title='bbox 232 1713 318 1792; x_wconf 92' lang='lat' dir='ltr'>quod</span> <span class='ocrx_word' id='word_1_137' title='bbox 340 1717 421 1775; x_wconf 83' lang='lat' dir='ltr'>iuter</span> <span class='ocrx_word' id='word_1_138' title='bbox 439 1721 575 1800; x_wconf 82' lang='lat' dir='ltr'>primam</span> <span class='ocrx_word' id='word_1_139' title='bbox 597 1736 629 1782; x_wconf 88' lang='lat' dir='ltr'>et</span> <span class='ocrx_word' id='word_1_140' title='bbox 649 1722 818 1783; x_wconf 88' lang='lat' dir='ltr'>secundam</span> <span class='ocrx_word' id='word_1_141' title='bbox 840 1743 981 1783; x_wconf 87' lang='lat' dir='ltr'>mensem</span> <span class='ocrx_word' id='word_1_142' title='bbox 1004 1720 1183 1794; x_wconf 82' lang='lat' dir='ltr'>intercedit,</span> <span class='ocrx_word' id='word_1_143' title='bbox 1206 1733 1276 1778; x_wconf 87' lang='lat' dir='ltr'>tum</span> 
     </span>
     <span class='ocr_line' id='line_1_18' title="bbox 232 1801 1276 1894; baseline 0.007 -37"><span class='ocrx_word' id='word_1_144' title='bbox 232 1803 332 1877; x_wconf 88' lang='lat' dir='ltr'>enim,</span> <span class='ocrx_word' id='word_1_145' title='bbox 344 1816 379 1862; x_wconf 91' lang='lat' dir='ltr'>ut</span> <span class='ocrx_word' id='word_1_146' title='bbox 387 1803 453 1884; x_wconf 86' lang='lat' dir='ltr'>jam</span> <span class='ocrx_word' id='word_1_147' title='bbox 468 1809 724 1885; x_wconf 85' lang='lat' dir='ltr'>monui,·fiebant</span> <span class='ocrx_word' id='word_1_148' title='bbox 738 1833 824 1872; x_wconf 82' lang='lat' dir='ltr'>sacra</span> <span class='ocrx_word' id='word_1_149' title='bbox 836 1834 842 1870; x_wconf 91' lang='lat'>:</span> <span class='ocrx_word' id='word_1_150' title='bbox 856 1811 934 1894; x_wconf 86' lang='lat' dir='ltr'>quid</span> <span class='ocrx_word' id='word_1_151' title='bbox 945 1832 1018 1892; x_wconf 79' lang='lat' dir='ltr'>ergo</span> <span class='ocrx_word' id='word_1_152' title='bbox 1030 1801 1104 1871; x_wconf 85' lang='lat' dir='ltr'>tum</span> <span class='ocrx_word' id='word_1_153' title='bbox 1111 1805 1212 1869; x_wconf 82' lang='lat' dir='ltr'>Dido?</span> <span class='ocrx_word' id='word_1_154' title='bbox 1224 1825 1276 1888; x_wconf 92' lang='lat' dir='ltr'>po·</span> 
     </span>
     <span class='ocr_line' id='line_1_19' title="bbox 229 1889 1276 1987; baseline 0.006 -40"><span class='ocrx_word' id='word_1_155' title='bbox 229 1889 322 1987; x_wconf 69' lang='lat' dir='ltr'>poscit</span> <span class='ocrx_word' id='word_1_156' title='bbox 337 1904 489 1969; x_wconf 85' lang='lat' dir='ltr'>pateram:</span> <span class='ocrx_word' id='word_1_157' title='bbox 510 1895 709 1959; x_wconf 81' lang='lat' dir='ltr'>commendat</span> <span class='ocrx_word' id='word_1_158' title='bbox 724 1915 866 1981; x_wconf 86' lang='lat' dir='ltr'>pateram</span> <span class='ocrx_word' id='word_1_159' title='bbox 883 1897 1066 1982; x_wconf 85' lang='lat' dir='ltr'>tripliciter,</span> <span class='ocrx_word' id='word_1_160' title='bbox 1087 1919 1105 1956; x_wconf 91' lang='lat' dir='ltr'>a</span> <span class='ocrx_word' id='word_1_161' title='bbox 1120 1894 1276 1978; x_wconf 84' lang='lat' dir='ltr'>pondere,</span> 
     </span>
     <span class='ocr_line' id='line_1_20' title="bbox 230 1981 1279 2070; baseline 0.009 -38"><span class='ocrx_word' id='word_1_162' title='bbox 230 1995 307 2054; x_wconf 82' lang='lat' dir='ltr'>quta</span> <span class='ocrx_word' id='word_1_163' title='bbox 320 1981 444 2057; x_wconf 75' lang='lat' dir='ltr'>gravis:</span> <span class='ocrx_word' id='word_1_164' title='bbox 457 2003 475 2040; x_wconf 89' lang='lat' dir='ltr'>a</span> <span class='ocrx_word' id='word_1_165' title='bbox 487 1988 632 2062; x_wconf 87' lang='lat' dir='ltr'>materia,</span> <span class='ocrx_word' id='word_1_166' title='bbox 645 1990 720 2070; x_wconf 88' lang='lat' dir='ltr'>quia</span> <span class='ocrx_word' id='word_1_167' title='bbox 732 2011 768 2048; x_wconf 86' lang='lat' dir='ltr'>ex</span> <span class='ocrx_word' id='word_1_168' title='bbox 781 2009 872 2064; x_wconf 89' lang='lat' dir='ltr'>auro,</span> <span class='ocrx_word' id='word_1_169' title='bbox 885 2002 916 2048; x_wconf 89' lang='lat' dir='ltr'>et</span> <span class='ocrx_word' id='word_1_170' title='bbox 929 1989 1075 2068; x_wconf 80' lang='lat' dir='ltr'>gemmis:</span> <span class='ocrx_word' id='word_1_171' title='bbox 1089 1986 1128 2045; x_wconf 90' lang='lat' dir='ltr'>ab</span> <span class='ocrx_word' id='word_1_172' title='bbox 1140 1984 1279 2065; x_wconf 91' lang='lat' dir='ltr'>antiqui·</span> 
     </span>
     <span class='ocr_line' id='line_1_21' title="bbox 229 2068 1277 2157; baseline 0.01 -38"><span class='ocrx_word' id='word_1_173' title='bbox 229 2074 308 2138; x_wconf 83' lang='lat' dir='ltr'>tate,</span> <span class='ocrx_word' id='word_1_174' title='bbox 322 2068 395 2146; x_wconf 90' lang='lat' dir='ltr'>quia</span> <span class='ocrx_word' id='word_1_175' title='bbox 406 2089 442 2136; x_wconf 85' lang='lat' dir='ltr'>ea</span> <span class='ocrx_word' id='word_1_176' title='bbox 452 2071 536 2132; x_wconf 87' lang='lat' dir='ltr'>soliti</span> <span class='ocrx_word' id='word_1_177' title='bbox 549 2073 657 2134; x_wconf 91' lang='lat' dir='ltr'>bibere</span> <span class='ocrx_word' id='word_1_178' title='bbox 668 2097 754 2157; x_wconf 77' lang='lat' dir='ltr'>reges</span> <span class='ocrx_word' id='word_1_179' title='bbox 766 2076 931 2138; x_wconf 82' lang='lat' dir='ltr'>Phoeniciae</span> <span class='ocrx_word' id='word_1_180' title='bbox 944 2098 961 2134; x_wconf 90' lang='lat' dir='ltr'>a</span> <span class='ocrx_word' id='word_1_181' title='bbox 973 2075 1049 2135; x_wconf 91' lang='lat' dir='ltr'>Belo</span> <span class='ocrx_word' id='word_1_182' title='bbox 1055 2075 1162 2154; x_wconf 88' lang='lat' dir='ltr'>prisco</span> <span class='ocrx_word' id='word_1_183' title='bbox 1176 2095 1182 2130; x_wconf 91' lang='lat'>:</span> <span class='ocrx_word' id='word_1_184' title='bbox 1194 2069 1277 2130; x_wconf 87' lang='lat' dir='ltr'>hanc</span> 
     </span>
     <span class='ocr_line' id='line_1_22' title="bbox 233 2157 1277 2242; baseline 0.008 -32"><span class='ocrx_word' id='word_1_185' title='bbox 233 2172 320 2212; x_wconf 90' lang='lat' dir='ltr'>mero</span> <span class='ocrx_word' id='word_1_186' title='bbox 342 2157 486 2242; x_wconf 84' lang='lat' dir='ltr'>implevit</span> <span class='ocrx_word' id='word_1_187' title='bbox 504 2161 549 2222; x_wconf 86' lang='lat' dir='ltr'>ad.</span> <span class='ocrx_word' id='word_1_188' title='bbox 562 2162 762 2242; x_wconf 80' lang='lat' dir='ltr'>libationem3</span> <span class='ocrx_word' id='word_1_189' title='bbox 784 2188 820 2228; x_wconf 87' lang='lat' dir='ltr'>ac</span> <span class='ocrx_word' id='word_1_190' title='bbox 840 2181 908 2226; x_wconf 90' lang='lat' dir='ltr'>tum</span> <span class='ocrx_word' id='word_1_191' title='bbox 928 2165 1070 2225; x_wconf 86' lang='lat' dir='ltr'>locutura</span> <span class='ocrx_word' id='word_1_192' title='bbox 1091 2175 1121 2222; x_wconf 91' lang='lat' dir='ltr'>et</span> <span class='ocrx_word' id='word_1_193' title='bbox 1139 2161 1277 2222; x_wconf 78' lang='lat' dir='ltr'>libatura</span> 
     </span>
    </p>
   </div>
   <div class='ocr_carea' id='block_1_3' title="bbox 231 2239 1279 2392">
    <p class='ocr_par' dir='ltr' id='par_1_5' title="bbox 231 2239 1279 2392">
     <span class='ocr_line' id='line_1_23' title="bbox 231 2239 1279 2336; baseline 0.003 -34"><span class='ocrx_word' id='word_1_194' title='bbox 231 2239 501 2320; x_wconf 58' lang='lat' dir='ltr'>Regiumdaetum</span> <span class='ocrx_word' id='word_1_195' title='bbox 512 2249 671 2314; x_wconf 88' lang='lat' dir='ltr'>silentium</span> <span class='ocrx_word' id='word_1_196' title='bbox 684 2268 747 2330; x_wconf 86' lang='lat' dir='ltr'>est,</span> <span class='ocrx_word' id='word_1_197' title='bbox 758 2267 910 2336; x_wconf 85' lang='lat' dir='ltr'>tanquam</span> <span class='ocrx_word' id='word_1_198' title='bbox 920 2254 954 2315; x_wconf 88' lang='lat' dir='ltr'>in</span> <span class='ocrx_word' id='word_1_199' title='bbox 970 2253 1079 2326; x_wconf 87' lang='lat' dir='ltr'>sacris,</span> <span class='ocrx_word' id='word_1_200' title='bbox 1092 2265 1124 2310; x_wconf 89' lang='lat' dir='ltr'>et</span> <span class='ocrx_word' id='word_1_201' title='bbox 1135 2269 1206 2310; x_wconf 85' lang='lat' dir='ltr'>vere</span> <span class='ocrx_word' id='word_1_202' title='bbox 1219 2249 1279 2320; x_wconf 81' lang='lat' dir='ltr'>ista</span> 
     </span>
     <span class='ocr_line' id='line_1_24' title="bbox 232 2344 430 2392; baseline 0.051 -10"><span class='ocrx_word' id='word_1_203' title='bbox 232 2344 317 2386; x_wconf 85' lang='lat' dir='ltr'>sacra</span> <span class='ocrx_word' id='word_1_204' title='bbox 333 2345 430 2392; x_wconf 82' lang='lat' dir='ltr'>erant.</span> 
     </span>
    </p>
   </div>
   <div class='ocr_carea' id='block_1_4' title="bbox 225 2525 1345 4031">
    <p class='ocr_par' dir='ltr' id='par_1_6' title="bbox 229 2525 1279 3083">
     <span class='ocr_line' id='line_1_25' title="bbox 270 2525 1277 2606; baseline 0.008 -31"><span class='ocrx_word' id='word_1_205' title='bbox 270 2540 330 2591; x_wconf 78' lang='lat'><em>720.</em></span> <span class='ocrx_word' id='word_1_206' title='bbox 349 2525 457 2580; x_wconf 82' lang='lat' dir='ltr'>Abolere</span> <span class='ocrx_word' id='word_1_207' title='bbox 477 2531 605 2584; x_wconf 81' lang='lat' dir='ltr'>Siclueum</span> <span class='ocrx_word' id='word_1_208' title='bbox 627 2535 733 2606; x_wconf 80' lang='lat' dir='ltr'>Incipit.</span> <span class='ocrx_word' id='word_1_209' title='bbox 780 2539 842 2606; x_wconf 85' lang='lat' dir='ltr'>quia</span> <span class='ocrx_word' id='word_1_210' title='bbox 860 2537 962 2606; x_wconf 80' lang='lat' dir='ltr'>antiqui</span> <span class='ocrx_word' id='word_1_211' title='bbox 979 2533 1145 2586; x_wconf 84' lang='lat' dir='ltr'>coronabant</span> <span class='ocrx_word' id='word_1_212' title='bbox 1161 2531 1277 2601; x_wconf 78' lang='lat' dir='ltr'>pocula,</span> 
     </span>
     <span class='ocr_line' id='line_1_26' title="bbox 230 2599 1276 2682; baseline 0.002 -25"><span class='ocrx_word' id='word_1_213' title='bbox 230 2599 308 2652; x_wconf 82' lang='lat' dir='ltr'>Ordo</span> <span class='ocrx_word' id='word_1_214' title='bbox 331 2607 478 2672; x_wconf 80' lang='lat' dir='ltr'>naturalis3</span> <span class='ocrx_word' id='word_1_215' title='bbox 496 2611 576 2682; x_wconf 54' lang='lat' dir='ltr'>¹prius</span> <span class='ocrx_word' id='word_1_216' title='bbox 603 2615 673 2664; x_wconf 88' lang='lat' dir='ltr'>enim</span> <span class='ocrx_word' id='word_1_217' title='bbox 695 2624 735 2664; x_wconf 85' lang='lat' dir='ltr'>est</span> <span class='ocrx_word' id='word_1_218' title='bbox 779 2616 853 2666; x_wconf 86' lang='lat' dir='ltr'>etsie</span> <span class='ocrx_word' id='word_1_219' title='bbox 864 2615 1001 2666; x_wconf 86' lang='lat' dir='ltr'>bibebant.</span> <span class='ocrx_word' id='word_1_220' title='bbox 1014 2611 1091 2664; x_wconf 87' lang='lat' dir='ltr'>Unde</span> <span class='ocrx_word' id='word_1_221' title='bbox 1102 2621 1156 2676; x_wconf 86' lang='lat' dir='ltr'>est,</span> <span class='ocrx_word' id='word_1_222' title='bbox 1171 2609 1276 2664; x_wconf 83' lang='lat' dir='ltr'>AEneid.</span> 
     </span>
     <span class='ocr_line' id='line_1_27' title="bbox 235 2680 1278 2764; baseline 0.01 -34"><span class='ocrx_word' id='word_1_223' title='bbox 235 2680 348 2734; x_wconf 89' lang='lat' dir='ltr'>evellere</span> <span class='ocrx_word' id='word_1_224' title='bbox 362 2683 534 2755; x_wconf 70' lang='lat' dir='ltr'>inherentia,</span> <span class='ocrx_word' id='word_1_225' title='bbox 553 2689 581 2742; x_wconf 93' lang='lat' dir='ltr'>id</span> <span class='ocrx_word' id='word_1_226' title='bbox 594 2703 648 2756; x_wconf 89' lang='lat' dir='ltr'>est,</span> <span class='ocrx_word' id='word_1_227' title='bbox 663 2709 736 2743; x_wconf 84' lang='lat' dir='ltr'>amo-</span> <span class='ocrx_word' id='word_1_228' title='bbox 778 2691 898 2756; x_wconf 84' lang='lat'>111,525;</span> <span class='ocrx_word' id='word_1_229' title='bbox 914 2707 1054 2764; x_wconf 70' lang='lat' dir='ltr'>«magnum</span> <span class='ocrx_word' id='word_1_230' title='bbox 1064 2701 1278 2742; x_wconf 83' lang='lat' dir='ltr'>crateraoorona</span> 
     </span>
     <span class='ocr_line' id='line_1_28' title="bbox 229 2763 1276 2842; baseline 0.006 -32"><span class='ocrx_word' id='word_1_231' title='bbox 229 2777 286 2812; x_wconf 89' lang='lat' dir='ltr'>rem</span> <span class='ocrx_word' id='word_1_232' title='bbox 316 2763 422 2833; x_wconf 90' lang='lat' dir='ltr'>pristini</span> <span class='ocrx_word' id='word_1_233' title='bbox 444 2769 507 2836; x_wconf 85' lang='lat' dir='ltr'>viri,</span> <span class='ocrx_word' id='word_1_234' title='bbox 531 2781 558 2822; x_wconf 88' lang='lat' dir='ltr'>et</span> <span class='ocrx_word' id='word_1_235' title='bbox 580 2769 642 2823; x_wconf 86' lang='lat' dir='ltr'>dein</span> <span class='ocrx_word' id='word_1_236' title='bbox 665 2789 735 2822; x_wconf 88' lang='lat' dir='ltr'>nova</span> <span class='ocrx_word' id='word_1_237' title='bbox 778 2769 884 2836; x_wconf 88' lang='lat' dir='ltr'>Induit,</span> <span class='ocrx_word' id='word_1_238' title='bbox 899 2770 1071 2842; x_wconf 84' lang='lat' dir='ltr'>implevitque</span> <span class='ocrx_word' id='word_1_239' title='bbox 1083 2787 1167 2820; x_wconf 87' lang='lat' dir='ltr'>mero.</span> <span class='ocrx_word' id='word_1_240' title='bbox 1182 2791 1193 2814; x_wconf 73' lang='grc' dir='ltr'>ιι</span> <span class='ocrx_word' id='word_1_241' title='bbox 1207 2770 1276 2819; x_wconf 83' lang='lat' dir='ltr'>Seru.</span> 
     </span>
     <span class='ocr_line' id='line_1_29' title="bbox 229 2841 1276 2920; baseline -0.013 -10"><span class='ocrx_word' id='word_1_242' title='bbox 229 2841 328 2910; x_wconf 78' lang='lat' dir='ltr'>inferre</span> <span class='ocrx_word' id='word_1_243' title='bbox 353 2847 416 2899; x_wconf 73' lang='lat' dir='ltr'>:sie</span> <span class='ocrx_word' id='word_1_244' title='bbox 430 2849 590 2904; x_wconf 87' lang='lat' dir='ltr'>Terentius:</span> <span class='ocrx_word' id='word_1_245' title='bbox 609 2852 668 2903; x_wconf 73' lang='lat' dir='ltr'>«Ut</span> <span class='ocrx_word' id='word_1_246' title='bbox 682 2869 736 2903; x_wconf 88' lang='lat' dir='ltr'>me·</span> <span class='ocrx_word' id='word_1_247' title='bbox 806 2849 875 2920; x_wconf 62' lang='lat'>¹730.</span> <span class='ocrx_word' id='word_1_248' title='bbox 899 2849 966 2901; x_wconf 86' lang='lat' dir='ltr'>Tum</span> <span class='ocrx_word' id='word_1_249' title='bbox 981 2849 1058 2920; x_wconf 77' lang='lat' dir='ltr'>facta</span> <span class='ocrx_word' id='word_1_250' title='bbox 1077 2845 1181 2900; x_wconf 85' lang='lat' dir='ltr'>silentia</span> <span class='ocrx_word' id='word_1_251' title='bbox 1201 2847 1276 2898; x_wconf 81' lang='lat' dir='ltr'>tectis.</span> 
     </span>
     <span class='ocr_line' id='line_1_30' title="bbox 229 2923 1279 3002; baseline 0.007 -33"><span class='ocrx_word' id='word_1_252' title='bbox 229 2931 301 2988; x_wconf 84' lang='lat' dir='ltr'>tum,</span> <span class='ocrx_word' id='word_1_253' title='bbox 318 2925 346 2974; x_wconf 91' lang='lat' dir='ltr'>in</span> <span class='ocrx_word' id='word_1_254' title='bbox 370 2944 423 2996; x_wconf 93' lang='lat' dir='ltr'>quo</span> <span class='ocrx_word' id='word_1_255' title='bbox 442 2947 513 2981; x_wconf 89' lang='lat' dir='ltr'>nunc</span> <span class='ocrx_word' id='word_1_256' title='bbox 531 2943 586 2998; x_wconf 86' lang='lat' dir='ltr'>est,</span> <span class='ocrx_word' id='word_1_257' title='bbox 602 2930 733 2990; x_wconf 88' lang='lat' dir='ltr'>adimam,</span> <span class='ocrx_word' id='word_1_258' title='bbox 778 2925 838 2979; x_wconf 86' lang='lat' dir='ltr'>Mos</span> <span class='ocrx_word' id='word_1_259' title='bbox 851 2941 908 2981; x_wconf 91' lang='lat' dir='ltr'>erat</span> <span class='ocrx_word' id='word_1_260' title='bbox 920 2925 993 2999; x_wconf 86' lang='lat' dir='ltr'>apud</span> <span class='ocrx_word' id='word_1_261' title='bbox 1004 2939 1123 2990; x_wconf 86' lang='lat' dir='ltr'>veteres,</span> <span class='ocrx_word' id='word_1_262' title='bbox 1139 2937 1169 2976; x_wconf 91' lang='lat' dir='ltr'>ut</span> <span class='ocrx_word' id='word_1_263' title='bbox 1186 2923 1279 3002; x_wconf 84' lang='lat' dir='ltr'>lumini</span> 
     </span>
     <span class='ocr_line' id='line_1_31' title="bbox 237 3001 1278 3083; baseline 0.002 -31"><span class='ocrx_word' id='word_1_264' title='bbox 237 3014 317 3072; x_wconf 91' lang='lat' dir='ltr'>atque</span> <span class='ocrx_word' id='word_1_265' title='bbox 325 3005 444 3080; x_wconf 82' lang='lat' dir='ltr'>expleam</span> <span class='ocrx_word' id='word_1_266' title='bbox 454 3011 568 3062; x_wconf 89' lang='lat' dir='ltr'>animum</span> <span class='ocrx_word' id='word_1_267' title='bbox 575 3011 733 3083; x_wconf 75' lang='lat' dir='ltr'>gaudionS.</span> <span class='ocrx_word' id='word_1_268' title='bbox 778 3011 888 3060; x_wconf 90' lang='lat' dir='ltr'>incenso</span> <span class='ocrx_word' id='word_1_269' title='bbox 903 3001 1036 3060; x_wconf 82' lang='lat' dir='ltr'>silentium</span> <span class='ocrx_word' id='word_1_270' title='bbox 1053 3005 1231 3076; x_wconf 73' lang='lat' dir='ltr'>praeberetur,</span> <span class='ocrx_word' id='word_1_271' title='bbox 1247 3016 1278 3054; x_wconf 92' lang='lat' dir='ltr'>ut</span> 
     </span>
    </p>

    <p class='ocr_par' dir='ltr' id='par_1_7' title="bbox 228 3082 1276 3714">
     <span class='ocr_line' id='line_1_32' title="bbox 276 3082 1276 3161; baseline -0.001 -27"><span class='ocrx_word' id='word_1_272' title='bbox 276 3083 335 3154; x_wconf 85' lang='lat'>723.</span> <span class='ocrx_word' id='word_1_273' title='bbox 357 3087 504 3161; x_wconf 84' lang='lat' dir='ltr'>Mensoeque</span> <span class='ocrx_word' id='word_1_274' title='bbox 529 3102 639 3143; x_wconf 80' lang='lat' dir='ltr'>remoue.</span> <span class='ocrx_word' id='word_1_275' title='bbox 661 3093 735 3143; x_wconf 87' lang='lat' dir='ltr'>Licet</span> <span class='ocrx_word' id='word_1_276' title='bbox 779 3090 925 3159; x_wconf 82' lang='lat' dir='ltr'>optativam</span> <span class='ocrx_word' id='word_1_277' title='bbox 947 3086 998 3138; x_wconf 85' lang='lat' dir='ltr'>sibi</span> <span class='ocrx_word' id='word_1_278' title='bbox 1016 3083 1123 3137; x_wconf 88' lang='lat' dir='ltr'>laudem</span> <span class='ocrx_word' id='word_1_279' title='bbox 1141 3082 1276 3154; x_wconf 89' lang='lat' dir='ltr'>loquendo</span> 
     </span>
     <span class='ocr_line' id='line_1_33' title="bbox 234 3160 1275 3236; baseline 0.001 -25"><span class='ocrx_word' id='word_1_280' title='bbox 234 3160 284 3212; x_wconf 87' lang='lat' dir='ltr'>sub</span> <span class='ocrx_word' id='word_1_281' title='bbox 304 3175 430 3216; x_wconf 82' lang='lat' dir='ltr'>extranea</span> <span class='ocrx_word' id='word_1_282' title='bbox 450 3185 585 3236; x_wconf 86' lang='lat' dir='ltr'>persona,</span> <span class='ocrx_word' id='word_1_283' title='bbox 601 3170 735 3220; x_wconf 86' lang='lat' dir='ltr'>Romano·</span> <span class='ocrx_word' id='word_1_284' title='bbox 778 3167 867 3220; x_wconf 89' lang='lat' dir='ltr'>nullus</span> <span class='ocrx_word' id='word_1_285' title='bbox 887 3177 1034 3226; x_wconf 86' lang='lat' dir='ltr'>averteret;</span> <span class='ocrx_word' id='word_1_286' title='bbox 1053 3163 1126 3234; x_wconf 91' lang='lat' dir='ltr'>apud</span> <span class='ocrx_word' id='word_1_287' title='bbox 1143 3165 1275 3214; x_wconf 82' lang='lat' dir='ltr'>Romanos</span> 
     </span>
     <span class='ocr_line' id='line_1_34' title="bbox 234 3240 1275 3320; baseline 0 -28"><span class='ocrx_word' id='word_1_288' title='bbox 234 3258 294 3296; x_wconf 87' lang='lat' dir='ltr'>rum</span> <span class='ocrx_word' id='word_1_289' title='bbox 302 3255 391 3296; x_wconf 84' lang='lat' dir='ltr'>tamen</span> <span class='ocrx_word' id='word_1_290' title='bbox 400 3249 538 3318; x_wconf 84' lang='lat' dir='ltr'>exequitur</span> <span class='ocrx_word' id='word_1_291' title='bbox 546 3248 735 3320; x_wconf 85' lang='lat' dir='ltr'>morem,epud</span> <span class='ocrx_word' id='word_1_292' title='bbox 780 3247 879 3310; x_wconf 83' lang='lat' dir='ltr'>etiem,</span> <span class='ocrx_word' id='word_1_293' title='bbox 899 3261 975 3296; x_wconf 87' lang='lat' dir='ltr'>coena</span> <span class='ocrx_word' id='word_1_294' title='bbox 998 3242 1090 3306; x_wconf 89' lang='lat' dir='ltr'>edita,</span> <span class='ocrx_word' id='word_1_295' title='bbox 1112 3240 1275 3312; x_wconf 77' lang='lat' dir='ltr'>sublatisque</span> 
     </span>
     <span class='ocr_line' id='line_1_35' title="bbox 238 3319 1276 3398; baseline -0.002 -26"><span class='ocrx_word' id='word_1_296' title='bbox 238 3338 305 3390; x_wconf 89' lang='lat' dir='ltr'>quos</span> <span class='ocrx_word' id='word_1_297' title='bbox 318 3323 376 3376; x_wconf 80' lang='lat' dir='ltr'>duae</span> <span class='ocrx_word' id='word_1_298' title='bbox 389 3345 484 3379; x_wconf 76' lang='lat' dir='ltr'>mensae</span> <span class='ocrx_word' id='word_1_299' title='bbox 495 3339 571 3380; x_wconf 87' lang='lat' dir='ltr'>erant</span> <span class='ocrx_word' id='word_1_300' title='bbox 584 3349 590 3378; x_wconf 76' lang='lat' dir='ltr'>e</span> <span class='ocrx_word' id='word_1_301' title='bbox 606 3345 660 3379; x_wconf 87' lang='lat' dir='ltr'>una</span> <span class='ocrx_word' id='word_1_302' title='bbox 673 3348 736 3398; x_wconf 89' lang='lat' dir='ltr'>epu·</span> <span class='ocrx_word' id='word_1_303' title='bbox 779 3325 876 3376; x_wconf 87' lang='lat' dir='ltr'>mensis</span> <span class='ocrx_word' id='word_1_304' title='bbox 886 3323 991 3394; x_wconf 89' lang='lat' dir='ltr'>primis,</span> <span class='ocrx_word' id='word_1_305' title='bbox 1002 3321 1135 3374; x_wconf 87' lang='lat' dir='ltr'>silentium</span> <span class='ocrx_word' id='word_1_306' title='bbox 1145 3321 1203 3372; x_wconf 87' lang='lat' dir='ltr'>fieri</span> <span class='ocrx_word' id='word_1_307' title='bbox 1212 3319 1276 3372; x_wconf 89' lang='lat' dir='ltr'>sole·</span> 
     </span>
     <span class='ocr_line' id='line_1_36' title="bbox 237 3398 1276 3478; baseline 0 -30"><span class='ocrx_word' id='word_1_308' title='bbox 237 3398 340 3469; x_wconf 89' lang='lat' dir='ltr'>larum,</span> <span class='ocrx_word' id='word_1_309' title='bbox 358 3405 441 3458; x_wconf 84' lang='lat' dir='ltr'>altera</span> <span class='ocrx_word' id='word_1_310' title='bbox 463 3407 623 3478; x_wconf 86' lang='lat' dir='ltr'>poculorum</span> <span class='ocrx_word' id='word_1_311' title='bbox 644 3429 650 3458; x_wconf 71' lang='grc' dir='ltr'><strong><em>ι</em></strong></span> <span class='ocrx_word' id='word_1_312' title='bbox 672 3426 735 3460; x_wconf 80' lang='lat' dir='ltr'>nam</span> <span class='ocrx_word' id='word_1_313' title='bbox 779 3401 843 3467; x_wconf 88' lang='lat' dir='ltr'>bat,</span> <span class='ocrx_word' id='word_1_314' title='bbox 857 3399 947 3472; x_wconf 83' lang='lat' dir='ltr'>quoad</span> <span class='ocrx_word' id='word_1_315' title='bbox 964 3419 1010 3466; x_wconf 86' lang='lat' dir='ltr'>ea,</span> <span class='ocrx_word' id='word_1_316' title='bbox 1028 3419 1085 3471; x_wconf 72' lang='lat' dir='ltr'>quae</span> <span class='ocrx_word' id='word_1_317' title='bbox 1102 3399 1136 3452; x_wconf 89' lang='lat' dir='ltr'>de</span> <span class='ocrx_word' id='word_1_318' title='bbox 1152 3417 1228 3462; x_wconf 70' lang='lat' dir='ltr'>coena</span> <span class='ocrx_word' id='word_1_319' title='bbox 1242 3399 1276 3449; x_wconf 90' lang='lat' dir='ltr'>li·</span> 
     </span>
     <span class='ocr_line' id='line_1_37' title="bbox 237 3475 1275 3552; baseline -0.002 -22"><span class='ocrx_word' id='word_1_320' title='bbox 237 3475 299 3534; x_wconf 87' lang='lat' dir='ltr'>ideo</span> <span class='ocrx_word' id='word_1_321' title='bbox 311 3486 431 3552; x_wconf 84' lang='lat' dir='ltr'>sequitur</span> <span class='ocrx_word' id='word_1_322' title='bbox 442 3499 557 3540; x_wconf 82' lang='lat' dir='ltr'>craterus.</span> <span class='ocrx_word' id='word_1_323' title='bbox 569 3486 602 3538; x_wconf 86' lang='lat' dir='ltr'>Et</span> <span class='ocrx_word' id='word_1_324' title='bbox 615 3485 736 3540; x_wconf 77' lang='lat' dir='ltr'>Grecum</span> <span class='ocrx_word' id='word_1_325' title='bbox 779 3481 844 3538; x_wconf 84' lang='lat' dir='ltr'>bata</span> <span class='ocrx_word' id='word_1_326' title='bbox 857 3481 981 3546; x_wconf 82' lang='lat' dir='ltr'>fuerant,</span> <span class='ocrx_word' id='word_1_327' title='bbox 994 3479 1029 3532; x_wconf 89' lang='lat' dir='ltr'>ad</span> <span class='ocrx_word' id='word_1_328' title='bbox 1041 3482 1131 3532; x_wconf 81' lang='lat' dir='ltr'>locum</span> <span class='ocrx_word' id='word_1_329' title='bbox 1143 3481 1275 3531; x_wconf 83' lang='lat' dir='ltr'>ferrentur</span> 
     </span>
     <span class='ocr_line' id='line_1_38' title="bbox 228 3557 1275 3634; baseline -0.011 -13"><span class='ocrx_word' id='word_1_330' title='bbox 228 3567 291 3620; x_wconf 67' lang='lat'>0⁵²2</span> <span class='ocrx_word' id='word_1_331' title='bbox 309 3557 343 3608; x_wconf 67' lang='lat' dir='ltr'>ab</span> <span class='ocrx_word' id='word_1_332' title='bbox 360 3565 480 3632; x_wconf 83' lang='lat' dir='ltr'>eoquod</span> <span class='ocrx_word' id='word_1_333' title='bbox 499 3579 557 3633; x_wconf 87' lang='lat' dir='ltr'>est,</span> <span class='ocrx_word' id='word_1_334' title='bbox 578 3566 619 3618; x_wconf 83' lang='lat' dir='ltr'>hic</span> <span class='ocrx_word' id='word_1_335' title='bbox 637 3577 733 3618; x_wconf 86' lang='lat' dir='ltr'>crater:</span> <span class='ocrx_word' id='word_1_336' title='bbox 779 3575 805 3616; x_wconf 89' lang='lat' dir='ltr'>et</span> <span class='ocrx_word' id='word_1_337' title='bbox 823 3563 879 3634; x_wconf 77' lang='lat' dir='ltr'>igni</span> <span class='ocrx_word' id='word_1_338' title='bbox 897 3561 1040 3627; x_wconf 87' lang='lat' dir='ltr'>darentur,</span> <span class='ocrx_word' id='word_1_339' title='bbox 1065 3579 1096 3614; x_wconf 85' lang='lat' dir='ltr'>ae</span> <span class='ocrx_word' id='word_1_340' title='bbox 1120 3578 1188 3630; x_wconf 82' lang='lat' dir='ltr'>puer</span> <span class='ocrx_word' id='word_1_341' title='bbox 1207 3559 1275 3612; x_wconf 87' lang='lat' dir='ltr'>Deos</span> 
     </span>
     <span class='ocr_line' id='line_1_39' title="bbox 237 3636 1276 3714; baseline 0.007 -31"><span class='ocrx_word' id='word_1_342' title='bbox 237 3651 300 3685; x_wconf 88' lang='lat' dir='ltr'>nam</span> <span class='ocrx_word' id='word_1_343' title='bbox 311 3636 412 3705; x_wconf 85' lang='lat' dir='ltr'>Latine,</span> <span class='ocrx_word' id='word_1_344' title='bbox 421 3642 474 3696; x_wconf 83' lang='lat' dir='ltr'>hoec</span> <span class='ocrx_word' id='word_1_345' title='bbox 485 3658 582 3697; x_wconf 84' lang='lat' dir='ltr'>cratera</span> <span class='ocrx_word' id='word_1_346' title='bbox 593 3645 698 3698; x_wconf 90' lang='lat' dir='ltr'>dieitur.</span> <span class='ocrx_word' id='word_1_347' title='bbox 707 3647 733 3699; x_wconf 90' lang='lat' dir='ltr'>S.</span> <span class='ocrx_word' id='word_1_348' title='bbox 778 3645 911 3714; x_wconf 90' lang='lat' dir='ltr'>propitios</span> <span class='ocrx_word' id='word_1_349' title='bbox 921 3645 1094 3706; x_wconf 50' lang='lat' dir='ltr'>¹nurroiasset,</span> <span class='ocrx_word' id='word_1_350' title='bbox 1106 3651 1151 3705; x_wconf 90' lang='lat' dir='ltr'>ut,</span> <span class='ocrx_word' id='word_1_351' title='bbox 1164 3641 1220 3692; x_wconf 82' lang='lat' dir='ltr'>Diis</span> <span class='ocrx_word' id='word_1_352' title='bbox 1231 3639 1276 3690; x_wconf 82' lang='lat' dir='ltr'>lto-</span> 
     </span>
    </p>

    <p class='ocr_par' dir='ltr' id='par_1_8' title="bbox 225 3714 1345 4031">
     <span class='ocr_line' id='line_1_40' title="bbox 273 3714 1274 3795; baseline 0.004 -30"><span class='ocrx_word' id='word_1_353' title='bbox 273 3714 332 3781; x_wconf 71' lang='lat'>724.</span> <span class='ocrx_word' id='word_1_354' title='bbox 343 3717 590 3774; x_wconf 83' lang='lat' dir='ltr'>Etvinacoronant.</span> <span class='ocrx_word' id='word_1_355' title='bbox 606 3724 675 3778; x_wconf 82' lang='lat' dir='ltr'>Vina</span> <span class='ocrx_word' id='word_1_356' title='bbox 685 3743 734 3795; x_wconf 89' lang='lat' dir='ltr'>pro</span> <span class='ocrx_word' id='word_1_357' title='bbox 779 3741 829 3774; x_wconf 83' lang='lat' dir='ltr'>nor</span> <span class='ocrx_word' id='word_1_358' title='bbox 847 3721 991 3788; x_wconf 82' lang='lat' dir='ltr'>baberetur,</span> <span class='ocrx_word' id='word_1_359' title='bbox 1012 3720 1139 3781; x_wconf 89' lang='lat' dir='ltr'>tacendo;</span> <span class='ocrx_word' id='word_1_360' title='bbox 1160 3735 1274 3789; x_wconf 80' lang='lat' dir='ltr'>queres</span> 
     </span>
     <span class='ocr_line' id='line_1_41' title="bbox 236 3793 1345 3876; baseline 0.002 -30"><span class='ocrx_word' id='word_1_361' title='bbox 236 3793 340 3861; x_wconf 87' lang='lat' dir='ltr'>poculis</span> <span class='ocrx_word' id='word_1_362' title='bbox 358 3799 465 3865; x_wconf 87' lang='lat' dir='ltr'>posuit,</span> <span class='ocrx_word' id='word_1_363' title='bbox 483 3813 510 3852; x_wconf 89' lang='lat' dir='ltr'>et</span> <span class='ocrx_word' id='word_1_364' title='bbox 527 3814 567 3854; x_wconf 88' lang='lat' dir='ltr'>est</span> <span class='ocrx_word' id='word_1_365' title='bbox 583 3815 677 3874; x_wconf 86' lang='lat' dir='ltr'>tropus</span> <span class='ocrx_word' id='word_1_366' title='bbox 696 3821 735 3876; x_wconf 75' lang='lat' dir='ltr'>sy·</span> <span class='ocrx_word' id='word_1_367' title='bbox 781 3819 863 3871; x_wconf 90' lang='lat' dir='ltr'>quum</span> <span class='ocrx_word' id='word_1_368' title='bbox 871 3803 1019 3854; x_wconf 85' lang='lat' dir='ltr'>intercessit</span> <span class='ocrx_word' id='word_1_369' title='bbox 1028 3796 1273 3862; x_wconf 68' lang='lat' dir='ltr'>murmurandum,</span> <span class='ocrx_word' id='word_1_370' title='bbox 1344 3833 1345 3840; x_wconf 22' lang='grc' dir='ltr'><strong>κ</strong></span> 
     </span>
     <span class='ocr_line' id='line_1_42' title="bbox 236 3871 1274 3954; baseline 0.012 -33"><span class='ocrx_word' id='word_1_371' title='bbox 236 3871 381 3925; x_wconf 86' lang='lat' dir='ltr'>necdoehe.</span> <span class='ocrx_word' id='word_1_372' title='bbox 392 3876 521 3930; x_wconf 84' lang='lat' dir='ltr'>Coronant</span> <span class='ocrx_word' id='word_1_373' title='bbox 529 3893 618 3934; x_wconf 85' lang='lat' dir='ltr'>autem</span> <span class='ocrx_word' id='word_1_374' title='bbox 627 3896 679 3948; x_wconf 89' lang='lat' dir='ltr'>est,</span> <span class='ocrx_word' id='word_1_375' title='bbox 690 3895 737 3935; x_wconf 87' lang='lat' dir='ltr'>aut</span> <span class='ocrx_word' id='word_1_376' title='bbox 780 3881 865 3934; x_wconf 78' lang='lat' dir='ltr'>Greci</span> <span class='ocrx_word' id='word_1_377' title='bbox 884 3901 990 3954; x_wconf 87' lang='lat' dir='ltr'>quoque</span> <span class='ocrx_word' id='word_1_378' title='bbox 1009 3881 1069 3936; x_wconf 75' lang='grc' dir='ltr'>θιοῖι</span> <span class='ocrx_word' id='word_1_379' title='bbox 1086 3876 1215 3948; x_wconf 68' lang='grc' dir='ltr'>παρουσίαν</span> <span class='ocrx_word' id='word_1_380' title='bbox 1234 3875 1274 3928; x_wconf 85' lang='lat' dir='ltr'>di·</span> 
     </span>
     <span class='ocr_line' id='line_1_43' title="bbox 225 3948 1231 4031; baseline 0.015 -31"><span class='ocrx_word' id='word_1_381' title='bbox 225 3948 433 4024; x_wconf 86' lang='lat' dir='ltr'>implentusque</span> <span class='ocrx_word' id='word_1_382' title='bbox 453 3953 488 4007; x_wconf 90' lang='lat' dir='ltr'>ad</span> <span class='ocrx_word' id='word_1_383' title='bbox 515 3961 676 4031; x_wconf 67' lang='lat' dir='ltr'>marginem</span> <span class='ocrx_word' id='word_1_384' title='bbox 690 3974 736 4016; x_wconf 89' lang='lat' dir='ltr'>aut</span> <span class='ocrx_word' id='word_1_385' title='bbox 781 3975 853 4015; x_wconf 87' lang='lat' dir='ltr'>eunt.</span> <span class='ocrx_word' id='word_1_386' title='bbox 866 3963 935 4018; x_wconf 85' lang='lat' dir='ltr'>Serv.</span> <span class='ocrx_word' id='word_1_387' title='bbox 1229 3971 1231 3975; x_wconf 84' lang='grc'><strong>“</strong></span> 
     </span>
    </p>
   </div>
   <div class='ocr_carea' id='block_1_5' title="bbox 0 0 1354 4586">
    <p class='ocr_par' dir='ltr' id='par_1_9' title="bbox 0 0 1354 4586">
     <span class='ocr_line' id='line_1_44' title="bbox 0 0 1354 4586; baseline 0 0"><span class='ocrx_word' id='word_1_388' title='bbox 0 0 1354 4586; x_wconf 95' lang='lat' dir='ltr'> </span> 
     </span>
    </p>
   </div>
  </div>
 </body>
</html>
