2670 4596
220 264 270 352 xvj
331 265 394 328 DE
417 261 637 328 CARMINE
659 263 805 330 EPIGO
827 265 1147 350 DlSQUISlTlO.

221 414 373 460 mecum·
377 387 531 485 jamjam
550 390 588 458 in
609 386 795 484 publicam
814 387 934 462 lucem
951 397 1169 486 emittendo,
1195 397 1266 470 hac

221 509 297 600 ipsa
313 503 394 574 luce
410 502 541 575 clarius
556 505 772 572 enitesceret.

271 623 326 692 En
344 624 455 720 igitur
471 619 532 690 ille
548 618 593 689 de
608 621 709 689 Poesi
725 621 836 716 Epica
848 619 1127 722 qualiscumque
1141 625 1249 698 labor
1255 659 1264 717 ;

221 743 349 836 utique
369 763 446 809 non
469 752 565 806 totus
588 761 701 806 meus.
728 733 846 806 Multa
865 739 963 806 enirn
987 737 1062 809 illic
1083 744 1266 829 invenies,

221 872 302 926 tum
328 858 398 925 tuis
423 851 652 925 sermonibus
674 867 849 949 tauquam
877 869 1054 952 praecepta
1079 861 1268 928 memoriae

222 969 377 1042 fideliter
398 969 586 1054 mandata,
605 982 685 1037 tum
705 970 888 1063 potentius
907 971 946 1039 in
968 975 1039 1041 tuis
1060 972 1267 1049 Annalibus

222 1084 347 1183 adjuta
361 1083 526 1182 exemplo
543 1098 651 1182 atque
665 1080 899 1153 confirmata:
918 1110 1001 1182 quat
1016 1111 1096 1158 mea
1110 1103 1215 1175 sunt,
1228 1113 1269 1158 ea

222 1215 261 1270 tu
281 1197 367 1268 velis
382 1201 567 1268 aestimare.
625 1271 627 1278 ,

269 1313 382 1408 Quod
397 1339 474 1385 non
489 1316 630 1411 primus
642 1309 714 1382 hoc
726 1337 809 1384 sum
822 1317 1003 1410 ingressus
1016 1314 1267 1405 curriculum,

223 1433 286 1501 etsi
303 1427 465 1501 multum
486 1426 573 1496 inde
591 1423 692 1498 laudi
711 1452 800 1498 meae
816 1425 1037 1515 detrahitur,
1061 1453 1138 1499 non
1159 1434 1270 1500 mini-

222 1573 328 1620 mum
338 1562 459 1616 tamen
470 1547 588 1642 operis
599 1559 720 1631 restat;
738 1543 866 1642 idque,
884 1549 953 1616 nisi
966 1544 1144 1642 superbiae
1153 1551 1269 1645 magis

222 1686 335 1760 quam
345 1660 567 1730 excusationi
577 1655 694 1727 simile
703 1673 806 1745 esset,
821 1655 927 1727 facile
936 1655 1055 1728 verbis
1065 1683 1268 1756 arguerem.

221 1775 366 1845 Etenim
386 1795 504 1868 neque
525 1773 650 1840 omnia
663 1786 749 1840 sunt
765 1769 812 1840 ab
829 1774 980 1841 istarum
994 1797 1118 1842 rerum
1133 1777 1271 1870 magis-

223 1895 286 1961 tris
300 1891 560 1986 pronunciata3
577 1913 696 1985 neque
710 1913 851 1986 semper
864 1913 994 1959 eorum
1009 1894 1204 1986 opiniones
1223 1895 1273 1959 in-

224 2025 277 2078 ter
293 2031 329 2076 se
343 2008 594 2092 consentiunt3
616 2031 657 2074 ex
676 2005 811 2102 quibus
831 2009 1008 2102 optimam
1023 2031 1066 2075 eo
1082 2005 1272 2077 difficilius

225 2123 430 2221 selegerim,
445 2121 545 2218 quod
562 2125 639 2217 pari
652 2126 911 2192 auctoritatum
929 2109 1117 2194 momento
1135 2128 1273 2195 incerta

224 2265 317 2336 saepe
341 2261 443 2308 mens
467 2240 504 2304 in
532 2239 729 2304 contrarias
753 2251 869 2333 partes
896 2235 1081 2307 dividitur.
1111 2239 1272 2308 Gravem

224 2380 311 2452 ergo
336 2351 558 2425 tractandam
579 2355 725 2447 suscepi
750 2354 956 2438 materiam,
982 2352 1143 2449 amplam
1167 2379 1271 2442 sane;

224 2486 333 2566 atque
349 2472 376 2537 si
392 2491 500 2562 supra
516 2491 630 2552 meas,
646 2489 722 2534 non
741 2463 836 2534 infra
853 2481 933 2535 tuas
947 2470 1039 2536 vires
1054 2471 1221 2563 positam.
1237 2471 1272 2539 Si

225 2585 375 2687 quidem
397 2582 492 2654 banc
509 2583 575 2652 tibi
587 2585 783 2678 praeripui,
805 2607 939 2666 severe,
964 2582 1171 2654 dummodo
1194 2609 1272 2654 non

199 2753 203 2762 ·
225 2727 365 2800 aspere,
381 2725 439 2769 me
451 2697 609 2796 judices,
624 2721 769 2792 precor,
786 2712 820 2766 et
834 2697 1018 2795 quidquid
1030 2702 1068 2767 in
1081 2697 1138 2768 his
1151 2723 1273 2795 pecca·

225 2833 321 2902 turn,
340 2819 414 2886 sive
428 2817 604 2884 omissum
620 2811 934 2900 animadverteris,
950 2838 1018 2909 pro
1033 2830 1095 2883 tua
1107 2811 1181 2883 fide
1195 2840 1273 2885 mo·

226 2956 329 3017 neas,
355 2946 464 3026 atque
489 2931 664 3015 amicitia,
690 2955 803 3025 quam
827 2932 1019 3026 saepissime
1044 2932 1082 2998 in
1109 2928 1273 3000 levandis

225 3043 432 3130 laboribus,
466 3046 504 3112 in
536 3041 669 3112 aculeis
696 3041 871 3114 dolorum
903 3042 1130 3131 hebetandis,
1162 3061 1274 3140 atque

225 3162 333 3230 etiam
355 3158 567 3252 nuperrime
585 3159 623 3224 in
645 3155 827 3228 morsibus
849 3155 1121 3228 calumniarum
1136 3181 1273 3228 sanan-

226 3271 280 3341 dis
294 3271 452 3341 suaviter
465 3284 647 3366 expertus,
667 3269 712 3339 ad
733 3287 933 3342 extremum
953 3295 1069 3367 usque
1085 3269 1274 3341 miserabi-

225 3384 268 3454 lis
287 3383 400 3481 hujus
418 3386 501 3454 vitae
519 3382 704 3455 cardinem
725 3406 810 3454 cum
833 3387 923 3483 grati
945 3382 1134 3480 fidelisque
1155 3388 1272 3454 animi

224 3501 401 3571 memoria
421 3498 559 3597 ubique
577 3499 793 3596 praedicabo.
816 3499 919 3588 Vale,
943 3523 1108 3570 orarum
1131 3497 1273 3570 dulcis-

225 3621 330 3700 sime,
347 3628 456 3710 atque
469 3618 600 3687 iterum
617 3615 706 3687 vale.
936 3611 940 3617 ¹

812 3733 853 3798 N.
881 3733 920 3802 E.
949 3727 1196 3800 LEMAIRE.

269 3945 391 4004 Parisiis
403 3948 593 4023 scribebant,
609 3947 715 4008 idibus
731 3949 863 4026 Martiis,
878 3948 1107 4010 MDGGCXXI..
