2692 4594
234 260 293 326 168
555 253 934 320 COMMENTARIA

226 385 365 446 Thraciae
383 394 502 465 partem
523 379 598 440 olim
619 382 705 442 Getae
726 395 908 455 tenuerunt,
930 393 1056 442 auctore
1077 381 1273 468 Thucydide.

227 473 311 551 Quid
327 494 399 534 vero
411 470 569 554 precatur?
581 472 645 530 Rite
656 469 846 531 secundarent
854 473 943 543 uisus,
956 491 1097 553 omenque
1110 471 1255 548 levarent,-

227 562 258 620 id
273 575 331 635 est,
347 576 383 620 ut
395 579 541 642 prospera
554 557 689 619 facerent
701 561 764 618 visa
777 557 846 633 illa,
862 571 892 619 et
904 579 997 618 omen
1011 559 1133 620 honum
1146 583 1183 622 ac
1197 561 1269 623 leve.

268 651 314 729 37.
334 652 474 722 Fortem,
496 660 526 707 et
544 647 666 706 virilem
684 647 840 720 animum,
860 659 890 705 et
906 645 1030 727 qualem
1048 648 1081 706 in
1101 669 1159 708 suo
1179 650 1270 709 AEnea

230 751 427 818 repraesentat
439 736 604 816 Virgilius,
625 734 705 795 nihil
721 749 820 817 potest
836 735 1002 816 impedire,
1023 757 1087 816 quo
1102 728 1211 797 minus
1226 759 1269 797 ex-

229 847 328 894 trema
342 830 446 890 omnia
463 840 566 886 tentet.
580 829 632 886 Est
643 847 714 884 vero
727 824 918 886 admirabilis
929 825 1135 908 hypotyposis
1147 830 1182 885 in
1195 826 1270 902 illis,

228 919 336 1004 majore
347 921 426 990 nisu,
442 929 471 976 et
482 913 614 976 obluctor
622 914 742 997 pertibus
755 914 879 975 aduersoe
889 936 993 975 arenae.
1007 917 1100 975 Putat
1111 918 1200 976 enim
1214 915 1270 976 lec·

227 1026 292 1084 tor,
309 1027 418 1068 senon
436 1020 499 1064 tam
516 1005 623 1064 audire
641 1025 735 1084 quam
751 1004 857 1064 videre
875 1007 1087 1065 conniteutem
1106 1004 1270 1065 obluctan-

228 1114 352 1178 temque
373 1095 535 1154 hominem
553 1113 626 1152 cum
648 1091 804 1152 radicibus
824 1093 885 1152 alte
902 1093 1019 1154 defixis.
1039 1095 1150 1174 ltaque
1168 1095 1270 1174 possis

227 1205 403 1248 sermonem
415 1181 501 1241 hunc
513 1178 652 1257 Virgilii,
663 1193 694 1236 et
705 1179 811 1256 plures
824 1179 918 1252 alios,
930 1201 1042 1240 vocare
1053 1187 1185 1262 ζωγράφον
1197 1186 1269 1260 λόγον

223 1295 294 1336 cum
307 1273 515 1339 Nazianzeno,
527 1279 608 1324 orat.
619 1266 676 1339 Vl,
688 1262 720 1323 id
734 1277 791 1338 est,
804 1266 969 1346 pinqentem
978 1271 1150 1328 orationem.

262 1365 310 1442 39.
320 1362 416 1438 Finge
426 1353 558 1415 similem
566 1352 623 1411 tibi
632 1373 735 1412 casum
745 1352 905 1426 eccidisse3
917 1355 1084 1434 nccegebis
1094 1375 1269 1437 expensore

223 1451 286 1513 alio
301 1447 340 1510 ad
352 1443 538 1526 capiendum
552 1455 687 1522 poetam.
699 1441 822 1504 Reddita
835 1463 905 1516 vox,
919 1457 965 1502 est
978 1442 1064 1516 date,
1080 1446 1125 1504 ait
1134 1447 1267 1506 Servius.

260 1541 308 1617 [μ.
324 1536 433 1598 Oratio
452 1531 545 1614 plena
564 1532 862 1606 commiserationis,
883 1552 945 1612 qua
963 1534 1041 1612 petit
1060 1532 1122 1592 sibi
1140 1535 1266 1615 sepulto

218 1631 285 1712 jam
304 1625 405 1708 parci,
422 1620 592 1704 praesertim
610 1619 648 1679 ab
664 1617 792 1678 homine
810 1620 883 1699 pio:
900 1621 989 1700 quasi
1005 1620 1104 1695 dieat,
1123 1625 1181 1703 qui
1198 1625 1266 1704 pius

221 1739 269 1791 es,
287 1729 317 1772 et
332 1712 392 1793 piis
407 1709 564 1782 manibus,
581 1729 638 1767 cur
650 1709 798 1766 miserum
810 1705 946 1768 laceres?
960 1729 1017 1768 cur
1030 1729 1095 1768 non
1108 1712 1213 1790 parcis
1225 1733 1267 1770 se·

222 1801 330 1886 pulto?
344 1821 398 1860 cur
412 1799 558 1880 inquinas
567 1799 634 1878 pias
645 1817 756 1858 manus
766 1797 881 1858 scelere
890 1801 1007 1858 cruoris
1017 1799 1266 1880 meitsequitur,

221 1913 283 1953 non
300 1909 345 1948 rne
364 1887 414 1949 tibi
437 1882 524 1968 Troja
541 1899 689 1946 externum
708 1883 782 1946 tulit.
803 1887 856 1946 Est
873 1883 940 1946 haec
962 1887 1057 1962 ratio,
1075 1907 1131 1946 cur
1152 1885 1265 1948 debeat

220 1983 328 2041 AEneas
345 1975 500 2036 abstinere
520 1974 558 2032 ub
576 1972 628 2034 ille
642 1972 767 2032 laniena
781 1997 787 2033 :
800 1994 864 2036 non
878 1975 935 2034 tibi
948 1988 1093 2035 externus
1108 1996 1194 2048 uam,
1210 1975 1264 2036 sed

220 2069 433 2152 propinquus,
448 2065 499 2124 sed
516 2077 684 2142 cognatus,
699 2062 751 2122 sed
765 2064 937 2144 Trojanus:
956 2066 1061 2146 itaque
1072 2063 1124 2124 hic
1138 2069 1265 2146 sanguis

220 2179 237 2218 e
252 2179 302 2217 me
316 2169 438 2228 manat,
449 2173 516 2212 non
531 2150 666 2212 aliunde.

259 2244 308 2322 ld.
326 2243 455 2322 Attingit
469 2241 533 2300 duo
550 2241 697 2316 crimina,
714 2261 784 2323 quae
802 2243 1034 2303 intervenerunt
1043 2242 1076 2300 in
1088 2239 1150 2302 hac
1164 2242 1262 2318 caede,

219 2332 433 2398 crudelitatem
450 2342 485 2389 et
506 2328 687 2387 avaritiam:
711 2331 863 2409 posterior
883 2331 1020 2412 priorem
1042 2332 1175 2412 peperit.
1198 2333 1262 2391 Rex
1331 2329 1332 2368 t

218 2425 302 2484 enim
309 2418 446 2479 Thraciae
456 2406 676 2498 Polymnee'lor
685 2420 753 2476 auri
763 2418 933 2500 cupiditate
944 2417 1088 2478 inductus
1099 2420 1132 2478 in
1143 2439 1261 2478 saevum

215 2512 337 2572 facinus
349 2507 467 2566 exarsit.
481 2503 613 2564 Pulchre
624 2525 712 2580 vero,
731 2527 801 2587 quae
813 2509 904 2586 Regis
916 2521 989 2568 sunt
1002 2507 1095 2582 vitia,
1115 2506 1259 2566 attribuit
1330 2521 1331 2526 ’

216 2600 364 2658 universae
377 2593 531 2664 Thraciae3
554 2613 627 2672 ergo
644 2591 717 2674 fuge
735 2606 831 2654 terres
846 2593 999 2668 crudeles3
1020 2608 1116 2654 terras
1134 2613 1259 2668 avaras,

214 2707 254 2746 ne
265 2684 321 2744 tibi
332 2701 448 2742 saevum
459 2678 578 2760 aliquid
589 2681 724 2757 accidet,
736 2697 772 2742 ut
781 2681 861 2742 mihi
870 2682 1043 2766 Polydoro,
1057 2683 1112 2765 qui
1123 2681 1177 2742 hic
1189 2682 1258 2742 telis

213 2773 353 2835 confixus
371 2792 454 2846 sum,
475 2769 615 2851 equibus
634 2773 692 2832 ista
709 2771 892 2834 densissime
908 2772 1087 2853 jaculorum
1104 2791 1192 2852 seges
1209 2772 1258 2830 in-

214 2859 346 2921 horruit.

251 2948 301 3031 ly7.
321 2949 477 3007 Timorem
494 2947 599 3026 ponit,
621 2958 651 3005 et
668 2961 847 3029 stuporem:
862 2945 921 3007 hos
936 2945 1065 3007 affectus
1080 2959 1257 3028 sequuntur

211 3038 336 3118 cognati
348 3035 425 3108 du03
438 3055 513 3094 nam
523 3046 638 3093 stantes
648 3055 760 3113 comae,
775 3039 936 3111 timorcm3
948 3057 1010 3096 vox
1022 3035 1144 3096 baerens
1157 3033 1256 3095 fauci-

210 3127 283 3202 bus,
296 3140 474 3205 stuporem:
488 3143 586 3203 quum
601 3124 684 3182 enim
698 3139 821 3186 tantum
836 3139 880 3186 est
891 3127 1000 3202 timor,
1015 3127 1118 3208 quivis
1133 3127 1256 3208 experi-

213 3228 320 3276 mento
330 3211 402 3286 scit,
412 3223 535 3270 tantum
546 3211 623 3290 erigi
633 3232 750 3290 comas3
761 3235 859 3296 quum
871 3227 992 3297 stupor,
1006 3211 1106 3295 majus
1116 3213 1255 3288 malum,

111 3352 121 3364 .
211 3320 320 3362 vocem
335 3298 441 3358 adimi.

210 3493 313 3553 divum,
326 3492 389 3558 qnia
400 3506 706 3564 nunquamequester,a
749 3509 833 3549 torem
851 3511 980 3554 attentum
993 3497 1051 3550 vult
1065 3498 1164 3550 facere.
1181 3494 1250 3546 serv.

205 3570 290 3643 produ
304 3567 419 3633 dictum,
439 3568 511 3638 quod
529 3569 581 3622 huo
598 3586 624 3624 et
642 3573 705 3627 illuc
787 3575 830 3642 45.
844 3577 990 3649 Polydorm
1000 3596 1056 3655 epo.
1066 3576 1125 3628 Sive
1138 3593 1185 3647 eqo
1198 3574 1253 3626 dis·-

206 3646 359 3718 graduum
372 3644 443 3698 ude
458 3646 570 3701 Martem
586 3669 705 3706 commu·
751 3657 872 3727 tinguas:
891 3659 945 3709 sive
966 3676 1012 3729 eqo
1030 3657 1088 3717 laic3
1104 3653 1250 3706 subaudias

207 3745 269 3780 ”0¹1¹
281 3725 342 3776 dici·
748 3751 804 3786 sum
820 3753 930 3790 necesse
947 3749 987 3788 est
1003 3759 1009 3787 :
1028 3749 1055 3788 et
1069 3737 1147 3806 quasi
1167 3736 1251 3786 durmi-

243 3805 286 3874 39.
303 3802 433 3874 Eloquar,
446 3827 480 3859 an
491 3809 597 3862 sileam?
610 3813 705 3864 Paren-
747 3813 804 3878 eric,
820 3814 848 3865 id
862 3828 920 3882 est3
936 3815 1080 3888 Polydorus
1097 3833 1174 3880 sum,
1193 3832 1247 3866 non

205 3881 422 3950 thesisnotanda,
433 3890 702 3961 quamagnitudinem
746 3894 836 3964 stipes.
849 3896 918 3948 Serv.
936 3896 1068 3960 Excursns
1081 3895 1119 3945 lll
1134 3893 1247 3949 adeatur

205 3965 317 4018 monstri
338 3963 466 4034 ostendit,
489 3969 603 4025 etheus
623 3970 701 4026 audi·
746 3971 1130 4048 dess10,tom.11,pay.456.
