2644 4614
219 273 283 340 528
548 267 930 336 COMMENTARIA

214 393 347 478 jusserat
363 393 478 473 quippe
491 389 661 465 Antonius,
683 405 719 452 ut
732 390 870 470 legiones
887 401 1036 472 parerent
1047 389 1196 454 feminee:
1216 389 1265 448 ad·

214 484 283 566 jicit
301 495 393 566 poeta
408 479 532 541 caelatos
550 501 568 540 a
584 493 670 562 tergo
687 479 859 562 Cleopatrae
878 501 994 562 angues
1009 479 1106 559 illos,
1128 500 1264 564 quorum

216 591 322 632 morsu
337 569 391 630 illa
406 569 517 652 periit,
532 589 611 650 quos
625 581 691 628 tum
705 590 768 628 non
784 571 960 650 respiceret.

255 660 325 740 698.
339 659 392 719 Dii
407 659 559 739 AEgyptii,
579 678 663 718 mera
678 659 805 739 quidem
817 671 974 733 monstra,
993 672 1025 716 et
1041 659 1133 716 omni
1150 678 1188 717 ex
1205 655 1264 716 col·

214 747 320 823 luvie,
346 749 550 830 inprimisque
567 747 686 808 Anubis
709 768 780 807 curn
798 748 911 807 canino
930 748 1049 828 capite,
1078 747 1265 828 pugnabant

214 849 325 896 contra
344 837 428 896 Deos
448 837 624 908 Romanos,
645 837 848 916 Neptunum,
870 835 1041 910 Venerem,
1061 837 1263 895 Minervam:

216 920 347 984 acuebat
364 915 507 982 ardorem
525 923 601 982 belli
618 925 714 1005 Mars,
732 922 854 982 romani
867 923 990 1002 imperii
1004 935 1107 1003 pater,
1127 920 1264 1002 sculptus

215 1010 347 1086 eferro,
368 1009 576 1091 saeviebatque
594 1012 626 1068 in
645 1007 750 1068 medio
765 1010 953 1069 certamine:
976 1021 1064 1068 erant
1082 1029 1148 1068 una
1164 1011 1262 1079 Dirae,

214 1096 396 1172 Discordia,
417 1085 565 1156 Bellona:
591 1097 674 1156 Dirae
695 1115 732 1154 ex
750 1093 865 1156 retbere
888 1093 1081 1155 advenerant
1100 1098 1205 1154 missae
1226 1094 1262 1152 ab

214 1189 293 1246 Jove
307 1186 347 1246 ad
361 1183 602 1246 inflammandos
617 1185 757 1244 animos:
776 1184 941 1244 Discordia
956 1204 1027 1243 cum
1040 1182 1144 1265 palla,
1163 1197 1195 1242 et
1208 1181 1262 1242 bac

214 1277 323 1350 scissa,
344 1272 450 1356 quales
471 1294 533 1334 esse
552 1293 610 1354 par
630 1287 675 1334 est
695 1274 907 1353 vesanientem
930 1287 1050 1334 etcum
1072 1273 1209 1354 gaudio,
1231 1283 1263 1329 ut

215 1385 284 1446 quae
297 1363 414 1425 videret
425 1361 544 1422 bellum
553 1365 670 1423 civium
682 1385 689 1422 z
703 1377 769 1424 erat
779 1357 906 1423 Bellona
918 1384 990 1423 cum
1002 1362 1128 1444 flagello
1142 1362 1263 1442 sangui-

214 1472 291 1528 neo,
306 1473 375 1533 quaa
384 1465 525 1532 pergeret
533 1452 573 1512 ad
584 1451 783 1514 excitandum
794 1454 941 1532 utrinque
951 1453 1091 1512 furorem
1102 1498 1111 1529 ,
1126 1471 1260 1534 quacun·

214 1563 275 1625 que
288 1539 451 1602 Discordia
462 1541 597 1602 vaderet.

242 1627 310 1712 704.
320 1631 716 1712 ConstituitDeosMagnos
726 1631 765 1690 ab
772 1632 911 1713 Augusto
920 1629 1054 1714 desuper
1062 1633 1259 1690 imminentes

213 1732 323 1778 contra
334 1717 461 1777 classem
477 1716 643 1778 hostilem:
662 1717 790 1780 illorum
801 1740 884 1780 unns
894 1719 1025 1800 Apollo,
1048 1739 1149 1800 quum
1169 1717 1258 1778 dubia
1305 1789 1306 1800 χ

214 1804 316 1864 adhuc
327 1806 475 1882 victoria,
489 1827 592 1867 arcum
604 1806 777 1868 intendebas
792 1808 874 1868 Nota
885 1820 1024 1867 mentem
1038 1808 1185 1889 Virgilii:
1199 1823 1258 1865 non
1305 1811 1306 1882 l

210 1889 366 1972 jacadatur
375 1894 536 1973 sagittam
550 1907 672 1954 tantum
683 1894 819 1955 intendit
831 1915 936 1954 arcum
947 1917 955 1969 3
971 1895 1071 1954 immo
1081 1893 1256 1965 intendebat,

212 1978 252 2039 de
264 1979 464 2061 imperfecto:
480 1993 510 2040 et
520 1979 571 2040 hic
580 1982 657 2042 levis
671 1998 767 2046 nutus
780 1985 851 2044 satis
862 1983 900 2042 ad
913 1997 1082 2058 terrorem,
1098 1982 1256 2064 atingam,
1305 1997 1306 2052 j

213 2067 288 2148 quia
302 2081 398 2128 nutus
411 2067 488 2126 Dei:
507 2071 623 2152 incepit
636 2092 708 2131 vero
722 2072 798 2153 fuga
812 2069 853 2131 ab
873 2072 1042 2154 AEgyptiis,
1064 2070 1171 2144 Indis,
1193 2071 1256 2128 Ara·

193 2177 196 2188 ¹
213 2156 324 2231 bibus,
339 2157 468 2232 Sabaeis3
484 2179 552 2240 quae
564 2173 669 2240 gentes
681 2162 883 2222 mollissimae.
946 2183 951 2194 ¹

253 2267 321 2328 7⁰7·
336 2249 396 2307 Vix
408 2246 483 2328 fuga
500 2264 691 2330 occoeperat,
710 2271 809 2334 quum
821 2251 986 2333 Cleopatra
998 2267 1129 2332 quoque
1144 2249 1208 2306 visa
1219 2257 1255 2304 est

1303 333 1306 362 l

211 2397 292 2432 manu
300 2381 405 2446 retinet,
414 2379 530 2434 ostendit
539 2383 712 2438 adfluentium
757 2397 795 2436 tra
812 2383 891 2451 dixit,
912 2387 976 2455 quia
995 2383 1047 2435 snb
1065 2383 1190 2454 Augusto
1203 2397 1255 2431 nee

212 2461 331 2512 omnium
348 2461 523 2516 lacunarum:
541 2465 588 2518 lsis
608 2478 711 2532 antem,
757 2464 821 2517 dum
830 2465 944 2516 Romani
954 2463 1080 2536 AEgyptia
1090 2475 1254 2514 sacrasusce·

210 2537 302 2610 lingna
329 2541 529 2613 Egyptiornm,
555 2556 596 2596 est
620 2557 710 2598 terra:
755 2555 860 2614 perant.
883 2543 916 2593 Et
935 2540 1097 2595 admittebat
1117 2540 1193 2591 locus
1212 2552 1253 2607 pro

213 2637 293 2690 quam
305 2619 367 2670 Isim
376 2621 469 2673 volunt
481 2640 546 2675 esse.
560 2624 635 2676 Hanc
649 2625 711 2677 Isim
756 2622 954 2694 laudeAugusti
961 2620 1155 2691 aliquidetiam
1161 2621 1186 2670 in
1193 2617 1251 2667 Deos

212 2697 712 2774 etaliosDeosideoAEgpptiicolunt,
757 2701 827 2753 incle
855 2702 941 2754 entim
956 2699 1021 2752 dici.
1037 2701 1128 2750 Varro
1142 2697 1251 2768 indigna·
1302 2705 1303 2734 l

214 2777 435 2850 qniaDeosrepes
443 2779 570 2833 babuisse
578 2780 712 2834 dicuntur.
756 2793 800 2831 tur
811 2721 1006 2832 Aibxandrinos
1014 2779 1087 2830 Deos
1098 2779 1188 2829 lionae
1197 2774 1249 2827 coli.

212 2857 284 2928 Ergo
304 2857 332 2908 in
349 2857 525 2928 opprobrium
540 2859 714 2914 Alexandrini
794 2875 853 2928 701.
866 2857 1066 2930 Coelatusferro.
1078 2858 1172 2908 Autin
1183 2855 1249 2908 armis

213 2937 359 3006 exercitus,
368 2955 418 3008 pro
428 2937 540 2991 classico
550 2939 657 2993 sistrum
667 2960 715 3012 po-
758 2940 862 2992 looatus
871 2961 878 2990 ε
888 2951 935 2990 ant
942 2939 976 2992 de
984 2941 1058 2992 ferro
1067 2939 1203 3010 sculptus,
1211 2937 1250 2987 sci·

213 3019 280 3080 suin
295 3017 466 3088 quodantem
474 3021 511 3071 ait
526 3025 716 3094 «vocatagmb
759 3019 823 3073 licet
842 3020 950 3072 metallo
974 3020 1027 3072 sibi
1052 3037 1194 3092 congruo:
1214 3027 1250 3068 aut

213 3096 394 3150 nanzhocest
403 3097 605 3171 quodsuperius
613 3099 715 3154 dictum
760 3101 833 3152 savit
847 3101 927 3153 ferro.
936 3100 1057 3152 -Dirna
1072 3101 1144 3151 Dirae
1155 3097 1249 3170 proprie

214 3187 268 3243 est,
288 3189 314 3230 et
331 3177 465 3249 Augustus
480 3179 508 3230 in
523 3196 715 3234 commemora·
759 3192 822 3232 sunt
830 3179 939 3234 ultrices
951 3181 1028 3246 Deae,
1039 3194 1067 3233 et
1078 3180 1149 3233 bene
1159 3179 1207 3232 bas
1217 3179 1249 3227 in-

213 3257 287 3310 tione
298 3257 357 3308 vitae
371 3275 425 3308 suae
436 3256 531 3323 refert,
547 3258 715 3310 «Antonium
759 3271 858 3314 teresse
880 3258 945 3312 dicit
964 3259 1078 3330 praelio:
1100 3271 1148 3311 aut
1164 3277 1180 3310 a
1195 3259 1249 3309 Jove
1276 3275 1279 3284 ’

211 3338 321 3407 jussisse
334 3337 487 3410 ntlegiones
497 3357 550 3390 suae
558 3331 631 3410 apud
638 3340 716 3392 Cleo·
759 3340 853 3392 missas
864 3338 899 3392 ad
910 3351 1040 3391 terrorem
1052 3339 1182 3410 AEgyptiis
1194 3336 1248 3388 iule-

213 3429 319 3490 patram
332 3417 506 3483 excubarent,
524 3421 635 3490 ejusque
648 3433 714 3472 nutu
758 3419 887 3484 rendum,
899 3432 946 3472 aut
954 3419 988 3470 ad
995 3419 1165 3490 puniendum
1175 3421 1248 3489 ipsun

215 3507 242 3548 et
259 3497 336 3564 jussa
354 3508 525 3566 pareremus
545 3495 614 3549 bene
636 3517 714 3571 ergo,
758 3501 919 3564 Antonium,
937 3500 983 3570 qui
1001 3499 1167 3550 matrimonii
1185 3497 1247 3548 lase-

218 3588 317 3626 nvocat
329 3578 435 3647 agmina
445 3598 473 3641 s,
486 3594 544 3646 que
554 3577 657 3648 signum
667 3579 715 3630 dn·
759 3591 800 3631 rat
810 3577 898 3631 fidem
910 3579 982 3631 Serv.

213 3651 270 3705 bat.
280 3653 458 3707 Sera-Erat
468 3666 556 3706 autem
565 3656 667 3708 sisinum
677 3659 715 3708 in·
795 3657 854 3727 704.
870 3657 959 3710 Actius
976 3657 1030 3708 ltoee
1045 3675 1160 3710 nemeae.
1175 3657 1245 3724 Quen

214 3739 389 3785 strumentum
399 3753 414 3785 e
423 3733 532 3786 metallo
540 3747 649 3806 arguto,
660 3755 713 3807 quo
757 3749 853 3808 postea
865 3738 972 3790 Actium
986 3739 1140 3789 nominavit
1155 3737 1246 3808 Angus-

214 3815 242 3865 in
254 3809 336 3864 sacris
348 3809 424 3862 isidis
439 3811 599 3866 utebantur:
612 3813 714 3884 sceptici
757 3829 808 3868 tus.
822 3818 944 3886 ijanis
961 3833 1069 3886 semper
1080 3818 1246 3885 Romanisque

214 3889 322 3942 calcedon.
335 3886 402 3939 Vide
411 3889 528 3942 Tmneb.
541 3893 695 3959 xxv1,33.
757 3898 892 3949 faventem
898 3897 975 3948 Maro
985 3896 1091 3948 inducit
1098 3895 1245 3968 Apollinem

249 3969 310 4036 698.
321 3966 405 4018 Deum
417 3980 538 4022 monstra.
552 3971 616 4024 ldeo
631 3992 715 4030 mons·
758 3988 785 4030 et
795 3976 871 4030 dulia
882 3975 990 4028 familiae
999 3975 1085 4030 veluti
1094 3974 1224 4050 presidem
