<?xml version="1.0" encoding="UTF-8"?>
<!DOCTYPE html PUBLIC "-//W3C//DTD XHTML 1.0 Transitional//EN"
    "http://www.w3.org/TR/xhtml1/DTD/xhtml1-transitional.dtd">
<html xmlns="http://www.w3.org/1999/xhtml" xml:lang="en" lang="en">
 <head>
  <title>
</title>
<meta http-equiv="Content-Type" content="text/html;charset=utf-8" />
  <meta name='ocr-system' content='tesseract 3.04.00' />
  <meta name='ocr-capabilities' content='ocr_page ocr_carea ocr_par ocr_line ocrx_word'/>
</head>
<body>
  <div class='ocr_page' id='page_1' title='image "./pvirgiliusmaroq02barbgoog_0564.png"; bbox 0 0 2644 4614; ppageno 0'>
   <div class='ocr_carea' id='block_1_1' title="bbox 202 299 911 370">
    <p class='ocr_par' dir='ltr' id='par_1_1' title="bbox 202 299 911 370">
     <span class='ocr_line' id='line_1_1' title="bbox 202 299 911 370; baseline -0.001 -4"><span class='ocrx_word' id='word_1_1' title='bbox 202 303 265 370; x_wconf 78' lang='lat'><strong>520</strong></span> <span class='ocrx_word' id='word_1_2' title='bbox 529 299 911 367; x_wconf 77' lang='lat' dir='ltr'><strong>COMMENTARIA</strong></span> 
     </span>
    </p>
   </div>
   <div class='ocr_carea' id='block_1_2' title="bbox 190 420 1249 3524">
    <p class='ocr_par' dir='ltr' id='par_1_2' title="bbox 196 420 1247 950">
     <span class='ocr_line' id='line_1_2' title="bbox 201 420 1246 508; baseline -0.002 -22"><span class='ocrx_word' id='word_1_3' title='bbox 201 437 369 508; x_wconf 85' lang='lat' dir='ltr'><strong>pungatur,</strong></span> <span class='ocrx_word' id='word_1_4' title='bbox 379 437 410 484; x_wconf 86' lang='lat' dir='ltr'><strong>et</strong></span> <span class='ocrx_word' id='word_1_5' title='bbox 418 437 571 483; x_wconf 85' lang='lat' dir='ltr'><strong>reservata</strong></span> <span class='ocrx_word' id='word_1_6' title='bbox 581 425 615 482; x_wconf 91' lang='lat' dir='ltr'><strong>in</strong></span> <span class='ocrx_word' id='word_1_7' title='bbox 624 420 686 484; x_wconf 89' lang='lat' dir='ltr'><strong>hoc</strong></span> <span class='ocrx_word' id='word_1_8' title='bbox 695 436 906 484; x_wconf 75' lang='lat' dir='ltr'><strong>momentum:</strong></span> <span class='ocrx_word' id='word_1_9' title='bbox 918 427 929 504; x_wconf 94' lang='lat'>(</span> <span class='ocrx_word' id='word_1_10' title='bbox 939 426 1102 507; x_wconf 82' lang='lat' dir='ltr'><strong>Heynius,</strong></span> <span class='ocrx_word' id='word_1_11' title='bbox 1118 423 1184 485; x_wconf 89' lang='lat' dir='ltr'><strong>vol.</strong></span> <span class='ocrx_word' id='word_1_12' title='bbox 1195 423 1246 498; x_wconf 91' lang='lat' dir='ltr'><strong>llI,</strong></span> 
     </span>
     <span class='ocr_line' id='line_1_3' title="bbox 200 509 1245 594; baseline -0.002 -22"><span class='ocrx_word' id='word_1_13' title='bbox 200 533 231 594; x_wconf 89' lang='lat' dir='ltr'><strong>p.</strong></span> <span class='ocrx_word' id='word_1_14' title='bbox 243 510 301 586; x_wconf 65' lang='grc'><strong>456</strong></span> <span class='ocrx_word' id='word_1_15' title='bbox 310 557 318 584; x_wconf 87' lang='grc'><em>,</em></span> <span class='ocrx_word' id='word_1_16' title='bbox 328 524 395 570; x_wconf 90' lang='lat' dir='ltr'><strong>not.</strong></span> <span class='ocrx_word' id='word_1_17' title='bbox 405 512 478 586; x_wconf 83' lang='lat'><strong>608,</strong></span> <span class='ocrx_word' id='word_1_18' title='bbox 491 509 570 570; x_wconf 89' lang='lat' dir='ltr'><strong>mihi</strong></span> <span class='ocrx_word' id='word_1_19' title='bbox 578 509 702 570; x_wconf 82' lang='lat' dir='ltr'><strong>videtur</strong></span> <span class='ocrx_word' id='word_1_20' title='bbox 710 512 866 571; x_wconf 89' lang='lat' dir='ltr'><strong>immerito</strong></span> <span class='ocrx_word' id='word_1_21' title='bbox 874 532 1001 594; x_wconf 88' lang='lat' dir='ltr'><strong>carpere</strong></span> <span class='ocrx_word' id='word_1_22' title='bbox 1013 511 1100 572; x_wconf 87' lang='lat' dir='ltr'><strong>hunc</strong></span> <span class='ocrx_word' id='word_1_23' title='bbox 1113 511 1245 584; x_wconf 81' lang='lat' dir='ltr'><strong>locum.)</strong></span> 
     </span>
     <span class='ocr_line' id='line_1_4' title="bbox 198 597 1247 681; baseline -0.005 -21"><span class='ocrx_word' id='word_1_24' title='bbox 198 603 279 681; x_wconf 87' lang='lat' dir='ltr'><strong>Ergo</strong></span> <span class='ocrx_word' id='word_1_25' title='bbox 298 601 418 674; x_wconf 87' lang='lat' dir='ltr'><strong>Venus,</strong></span> <span class='ocrx_word' id='word_1_26' title='bbox 447 620 517 681; x_wconf 90' lang='lat' dir='ltr'><strong>quae</strong></span> <span class='ocrx_word' id='word_1_27' title='bbox 536 597 581 658; x_wconf 90' lang='lat' dir='ltr'><strong>ibi</strong></span> <span class='ocrx_word' id='word_1_28' title='bbox 601 599 726 679; x_wconf 88' lang='lat' dir='ltr'><strong>signum</strong></span> <span class='ocrx_word' id='word_1_29' title='bbox 745 598 831 659; x_wconf 80' lang='lat' dir='ltr'>dedit</span> <span class='ocrx_word' id='word_1_30' title='bbox 849 598 1003 660; x_wconf 87' lang='lat' dir='ltr'><strong>adventus</strong></span> <span class='ocrx_word' id='word_1_31' title='bbox 1022 603 1091 676; x_wconf 88' lang='lat' dir='ltr'><strong>sui,</strong></span> <span class='ocrx_word' id='word_1_32' title='bbox 1111 599 1181 680; x_wconf 87' lang='lat' dir='ltr'><strong>jam</strong></span> <span class='ocrx_word' id='word_1_33' title='bbox 1199 597 1247 656; x_wconf 88' lang='lat' dir='ltr'><strong>hic</strong></span> 
     </span>
     <span class='ocr_line' id='line_1_5' title="bbox 197 687 1247 770; baseline -0.002 -22"><span class='ocrx_word' id='word_1_34' title='bbox 197 689 299 763; x_wconf 88' lang='lat' dir='ltr'><strong>adest,</strong></span> <span class='ocrx_word' id='word_1_35' title='bbox 316 702 347 748; x_wconf 91' lang='lat' dir='ltr'><strong>et</strong></span> <span class='ocrx_word' id='word_1_36' title='bbox 358 690 471 750; x_wconf 85' lang='lat' dir='ltr'><strong>caelesti</strong></span> <span class='ocrx_word' id='word_1_37' title='bbox 488 687 615 770; x_wconf 88' lang='lat' dir='ltr'><strong>quidem</strong></span> <span class='ocrx_word' id='word_1_38' title='bbox 632 687 741 748; x_wconf 87' lang='lat' dir='ltr'><strong>nimbo</strong></span> <span class='ocrx_word' id='word_1_39' title='bbox 759 690 912 750; x_wconf 84' lang='lat' dir='ltr'><strong>candida:</strong></span> <span class='ocrx_word' id='word_1_40' title='bbox 932 705 969 749; x_wconf 90' lang='lat' dir='ltr'><strong>ut</strong></span> <span class='ocrx_word' id='word_1_41' title='bbox 981 711 1055 751; x_wconf 88' lang='lat' dir='ltr'><strong>vero</strong></span> <span class='ocrx_word' id='word_1_42' title='bbox 1067 690 1125 750; x_wconf 89' lang='lat' dir='ltr'><strong>illa</strong></span> <span class='ocrx_word' id='word_1_43' title='bbox 1138 701 1247 748; x_wconf 85' lang='lat' dir='ltr'><strong>natum</strong></span> 
     </span>
     <span class='ocr_line' id='line_1_6' title="bbox 196 779 1247 862; baseline -0.001 -24"><span class='ocrx_word' id='word_1_44' title='bbox 196 780 275 840; x_wconf 86' lang='lat' dir='ltr'><strong>vidit</strong></span> <span class='ocrx_word' id='word_1_45' title='bbox 288 781 320 840; x_wconf 87' lang='lat' dir='ltr'><strong>in</strong></span> <span class='ocrx_word' id='word_1_46' title='bbox 337 793 452 840; x_wconf 83' lang='lat' dir='ltr'><strong>secreta</strong></span> <span class='ocrx_word' id='word_1_47' title='bbox 464 779 554 840; x_wconf 89' lang='lat' dir='ltr'><strong>vallis</strong></span> <span class='ocrx_word' id='word_1_48' title='bbox 565 793 668 861; x_wconf 85' lang='lat' dir='ltr'><strong>parte,</strong></span> <span class='ocrx_word' id='word_1_49' title='bbox 687 794 849 862; x_wconf 78' lang='lat' dir='ltr'><strong>separante</strong></span> <span class='ocrx_word' id='word_1_50' title='bbox 862 779 954 840; x_wconf 92' lang='lat' dir='ltr'><strong>illum</strong></span> <span class='ocrx_word' id='word_1_51' title='bbox 966 780 1005 839; x_wconf 85' lang='lat' dir='ltr'><strong>ab</strong></span> <span class='ocrx_word' id='word_1_52' title='bbox 1023 781 1095 840; x_wconf 88' lang='lat' dir='ltr'><strong>aliis</strong></span> <span class='ocrx_word' id='word_1_53' title='bbox 1108 783 1181 862; x_wconf 87' lang='lat' dir='ltr'><strong>ipso</strong></span> <span class='ocrx_word' id='word_1_54' title='bbox 1194 779 1247 838; x_wconf 82' lang='lat' dir='ltr'><strong>llu-</strong></span> 
     </span>
     <span class='ocr_line' id='line_1_7' title="bbox 197 865 1152 950; baseline 0.002 -26"><span class='ocrx_word' id='word_1_55' title='bbox 197 867 298 943; x_wconf 89' lang='lat' dir='ltr'><strong>mine,</strong></span> <span class='ocrx_word' id='word_1_56' title='bbox 314 865 360 926; x_wconf 92' lang='lat' dir='ltr'><strong>illi</strong></span> <span class='ocrx_word' id='word_1_57' title='bbox 373 887 403 926; x_wconf 85' lang='lat' dir='ltr'><strong>se</strong></span> <span class='ocrx_word' id='word_1_58' title='bbox 415 869 586 950; x_wconf 83' lang='lat' dir='ltr'><strong>conspicua</strong></span> <span class='ocrx_word' id='word_1_59' title='bbox 599 867 731 942; x_wconf 90' lang='lat' dir='ltr'><strong>obtulit,</strong></span> <span class='ocrx_word' id='word_1_60' title='bbox 745 866 851 928; x_wconf 90' lang='lat' dir='ltr'><strong>locuta</strong></span> <span class='ocrx_word' id='word_1_61' title='bbox 863 869 896 927; x_wconf 90' lang='lat' dir='ltr'><strong>in</strong></span> <span class='ocrx_word' id='word_1_62' title='bbox 909 867 994 928; x_wconf 90' lang='lat' dir='ltr'><strong>hunc</strong></span> <span class='ocrx_word' id='word_1_63' title='bbox 1007 867 1152 928; x_wconf 91' lang='lat' dir='ltr'><strong>modum.</strong></span> 
     </span>
    </p>

    <p class='ocr_par' dir='ltr' id='par_1_3' title="bbox 197 955 1249 1307">
     <span class='ocr_line' id='line_1_8' title="bbox 237 955 1247 1038; baseline -0.006 -20"><span class='ocrx_word' id='word_1_64' title='bbox 237 959 305 1018; x_wconf 79' lang='lat'><strong>612.</strong></span> <span class='ocrx_word' id='word_1_65' title='bbox 318 959 449 1016; x_wconf 86' lang='lat' dir='ltr'><strong>Promisi</strong></span> <span class='ocrx_word' id='word_1_66' title='bbox 458 957 514 1016; x_wconf 93' lang='lat' dir='ltr'><strong>tibi</strong></span> <span class='ocrx_word' id='word_1_67' title='bbox 525 955 610 1018; x_wconf 81' lang='lat' dir='ltr'><strong>ar&#39;ma</strong></span> <span class='ocrx_word' id='word_1_68' title='bbox 620 955 753 1017; x_wconf 85' lang='lat' dir='ltr'><strong>Vulcani</strong></span> <span class='ocrx_word' id='word_1_69' title='bbox 764 959 839 1030; x_wconf 73' lang='lat' dir='ltr'><strong>mei,</strong></span> <span class='ocrx_word' id='word_1_70' title='bbox 851 978 890 1018; x_wconf 89' lang='lat' dir='ltr'><strong>en</strong></span> <span class='ocrx_word' id='word_1_71' title='bbox 900 957 954 1016; x_wconf 83' lang='lat' dir='ltr'><strong>illa</strong></span> <span class='ocrx_word' id='word_1_72' title='bbox 965 959 1004 1018; x_wconf 87' lang='lat' dir='ltr'><strong>ad</strong></span> <span class='ocrx_word' id='word_1_73' title='bbox 1017 972 1062 1032; x_wconf 87' lang='lat' dir='ltr'><strong>te,</strong></span> <span class='ocrx_word' id='word_1_74' title='bbox 1075 955 1247 1038; x_wconf 90' lang='lat' dir='ltr'><strong>etquidem</strong></span> 
     </span>
     <span class='ocr_line' id='line_1_9' title="bbox 199 1040 1249 1126; baseline -0.004 -24"><span class='ocrx_word' id='word_1_75' title='bbox 199 1041 349 1104; x_wconf 85' lang='lat' dir='ltr'><strong>fabricata</strong></span> <span class='ocrx_word' id='word_1_76' title='bbox 366 1045 589 1126; x_wconf 83' lang='lat' dir='ltr'><strong>perfectissima</strong></span> <span class='ocrx_word' id='word_1_77' title='bbox 607 1065 643 1104; x_wconf 86' lang='lat' dir='ltr'><strong>ex</strong></span> <span class='ocrx_word' id='word_1_78' title='bbox 663 1057 746 1104; x_wconf 86' lang='lat' dir='ltr'><strong>arte:</strong></span> <span class='ocrx_word' id='word_1_79' title='bbox 766 1066 830 1104; x_wconf 91' lang='lat' dir='ltr'><strong>non</strong></span> <span class='ocrx_word' id='word_1_80' title='bbox 849 1043 912 1122; x_wconf 81' lang='lat' dir='ltr'><strong>jam</strong></span> <span class='ocrx_word' id='word_1_81' title='bbox 931 1043 991 1104; x_wconf 92' lang='lat' dir='ltr'><strong>tibi</strong></span> <span class='ocrx_word' id='word_1_82' title='bbox 1009 1045 1145 1104; x_wconf 89' lang='lat' dir='ltr'><strong>timendi</strong></span> <span class='ocrx_word' id='word_1_83' title='bbox 1163 1040 1249 1113; x_wconf 83' lang='lat' dir='ltr'><strong>Itali,</strong></span> 
     </span>
     <span class='ocr_line' id='line_1_10' title="bbox 198 1131 1248 1216; baseline -0.004 -22"><span class='ocrx_word' id='word_1_84' title='bbox 198 1135 320 1194; x_wconf 89' lang='lat' dir='ltr'><strong>etiamsi</strong></span> <span class='ocrx_word' id='word_1_85' title='bbox 331 1134 473 1216; x_wconf 82' lang='lat' dir='ltr'><strong>superbi:</strong></span> <span class='ocrx_word' id='word_1_86' title='bbox 486 1155 551 1194; x_wconf 91' lang='lat' dir='ltr'><strong>non</strong></span> <span class='ocrx_word' id='word_1_87' title='bbox 560 1135 698 1208; x_wconf 85' lang='lat' dir='ltr'><strong>Turnus,</strong></span> <span class='ocrx_word' id='word_1_88' title='bbox 708 1135 828 1192; x_wconf 86' lang='lat' dir='ltr'><strong>etiamsi</strong></span> <span class='ocrx_word' id='word_1_89' title='bbox 839 1131 924 1192; x_wconf 88' lang='lat' dir='ltr'><strong>bello</strong></span> <span class='ocrx_word' id='word_1_90' title='bbox 935 1155 1019 1207; x_wconf 81' lang='lat' dir='ltr'><strong>acer3</strong></span> <span class='ocrx_word' id='word_1_91' title='bbox 1034 1131 1124 1192; x_wconf 89' lang='lat' dir='ltr'><strong>hunc</strong></span> <span class='ocrx_word' id='word_1_92' title='bbox 1137 1151 1248 1212; x_wconf 89' lang='lat' dir='ltr'><strong>posce,</strong></span> 
     </span>
     <span class='ocr_line' id='line_1_11' title="bbox 197 1221 437 1307; baseline -0.004 -24"><span class='ocrx_word' id='word_1_93' title='bbox 197 1221 282 1286; x_wconf 88' lang='lat' dir='ltr'><strong>hune</strong></span> <span class='ocrx_word' id='word_1_94' title='bbox 294 1246 437 1307; x_wconf 81' lang='lat' dir='ltr'><strong>provoca.</strong></span> 
     </span>
    </p>

    <p class='ocr_par' dir='ltr' id='par_1_4' title="bbox 195 1311 1247 1750">
     <span class='ocr_line' id='line_1_12' title="bbox 237 1311 1247 1390; baseline -0.005 -17"><span class='ocrx_word' id='word_1_95' title='bbox 237 1315 305 1374; x_wconf 76' lang='lat'><strong>615.</strong></span> <span class='ocrx_word' id='word_1_96' title='bbox 321 1313 495 1374; x_wconf 81' lang='lat' dir='ltr'><strong>Confirmat</strong></span> <span class='ocrx_word' id='word_1_97' title='bbox 504 1314 610 1371; x_wconf 89' lang='lat' dir='ltr'><strong>omnia</strong></span> <span class='ocrx_word' id='word_1_98' title='bbox 623 1326 764 1370; x_wconf 88' lang='lat' dir='ltr'><strong>materno</strong></span> <span class='ocrx_word' id='word_1_99' title='bbox 775 1311 940 1390; x_wconf 86' lang='lat' dir='ltr'><strong>amplexu,</strong></span> <span class='ocrx_word' id='word_1_100' title='bbox 953 1312 1127 1372; x_wconf 87' lang='lat' dir='ltr'><strong>incendens</strong></span> <span class='ocrx_word' id='word_1_101' title='bbox 1136 1325 1247 1370; x_wconf 87' lang='lat' dir='ltr'><strong>natum</strong></span> 
     </span>
     <span class='ocr_line' id='line_1_13' title="bbox 196 1401 1247 1484; baseline -0.005 -21"><span class='ocrx_word' id='word_1_102' title='bbox 196 1401 257 1464; x_wconf 90' lang='lat' dir='ltr'><strong>hac</strong></span> <span class='ocrx_word' id='word_1_103' title='bbox 268 1405 334 1465; x_wconf 88' lang='lat' dir='ltr'><strong>face</strong></span> <span class='ocrx_word' id='word_1_104' title='bbox 351 1405 482 1476; x_wconf 72' lang='lat' dir='ltr'><strong>amoris:</strong></span> <span class='ocrx_word' id='word_1_105' title='bbox 502 1405 669 1484; x_wconf 86' lang='lat' dir='ltr'><strong>posuitque</strong></span> <span class='ocrx_word' id='word_1_106' title='bbox 682 1423 783 1474; x_wconf 85' lang='lat' dir='ltr'><strong>arma,</strong></span> <span class='ocrx_word' id='word_1_107' title='bbox 803 1423 873 1482; x_wconf 82' lang='lat' dir='ltr'><strong>quae</strong></span> <span class='ocrx_word' id='word_1_108' title='bbox 883 1401 980 1482; x_wconf 88' lang='lat' dir='ltr'><strong>louge</strong></span> <span class='ocrx_word' id='word_1_109' title='bbox 991 1401 1119 1483; x_wconf 79' lang='lat' dir='ltr'><strong>lateque</strong></span> <span class='ocrx_word' id='word_1_110' title='bbox 1134 1403 1247 1463; x_wconf 83' lang='lat' dir='ltr'><strong>emica-</strong></span> 
     </span>
     <span class='ocr_line' id='line_1_14' title="bbox 195 1488 1247 1574; baseline -0.006 -22"><span class='ocrx_word' id='word_1_111' title='bbox 195 1493 287 1566; x_wconf 82' lang='lat' dir='ltr'><strong>bant&#39;,</strong></span> <span class='ocrx_word' id='word_1_112' title='bbox 302 1500 312 1568; x_wconf 95' lang='lat'>(</span> <span class='ocrx_word' id='word_1_113' title='bbox 320 1491 380 1554; x_wconf 85' lang='lat' dir='ltr'><strong>hoc</strong></span> <span class='ocrx_word' id='word_1_114' title='bbox 391 1496 473 1552; x_wconf 89' lang='lat' dir='ltr'><strong>enim</strong></span> <span class='ocrx_word' id='word_1_115' title='bbox 484 1514 540 1574; x_wconf 85' lang='lat' dir='ltr'><strong>per</strong></span> <span class='ocrx_word' id='word_1_116' title='bbox 549 1491 645 1552; x_wconf 80' lang='lat' dir='ltr'><strong>radios</strong></span> <span class='ocrx_word' id='word_1_117' title='bbox 654 1491 811 1572; x_wconf 79' lang='lat' dir='ltr'><strong>intellige)</strong></span> <span class='ocrx_word' id='word_1_118' title='bbox 821 1490 880 1551; x_wconf 90' lang='lat' dir='ltr'><strong>sub</strong></span> <span class='ocrx_word' id='word_1_119' title='bbox 890 1512 1025 1574; x_wconf 72' lang='lat' dir='ltr'><strong>quercu,</strong></span> <span class='ocrx_word' id='word_1_120' title='bbox 1040 1513 1113 1574; x_wconf 81' lang='lat' dir='ltr'><strong>quae</strong></span> <span class='ocrx_word' id='word_1_121' title='bbox 1126 1488 1247 1570; x_wconf 85' lang='lat' dir='ltr'><strong>objecta</strong></span> 
     </span>
     <span class='ocr_line' id='line_1_15' title="bbox 195 1576 1247 1660; baseline -0.007 -19"><span class='ocrx_word' id='word_1_122' title='bbox 195 1583 298 1642; x_wconf 82' lang='lat' dir='ltr'><strong>AEneae</strong></span> <span class='ocrx_word' id='word_1_123' title='bbox 311 1578 411 1640; x_wconf 85' lang='lat' dir='ltr'><strong>oculis</strong></span> <span class='ocrx_word' id='word_1_124' title='bbox 423 1600 439 1639; x_wconf 87' lang='lat' dir='ltr'><strong>e</strong></span> <span class='ocrx_word' id='word_1_125' title='bbox 451 1582 596 1660; x_wconf 79' lang='lat' dir='ltr'><strong>regione:</strong></span> <span class='ocrx_word' id='word_1_126' title='bbox 618 1600 652 1637; x_wconf 86' lang='lat' dir='ltr'><strong>ac</strong></span> <span class='ocrx_word' id='word_1_127' title='bbox 668 1581 773 1638; x_wconf 84' lang='lat' dir='ltr'><strong>statim</strong></span> <span class='ocrx_word' id='word_1_128' title='bbox 790 1580 933 1638; x_wconf 84' lang='lat' dir='ltr'><strong>recessit:</strong></span> <span class='ocrx_word' id='word_1_129' title='bbox 954 1577 1017 1638; x_wconf 89' lang='lat' dir='ltr'><strong>hoc</strong></span> <span class='ocrx_word' id='word_1_130' title='bbox 1032 1580 1120 1638; x_wconf 88' lang='lat' dir='ltr'><strong>enim</strong></span> <span class='ocrx_word' id='word_1_131' title='bbox 1133 1576 1247 1636; x_wconf 90' lang='lat' dir='ltr'><strong>intelli·</strong></span> 
     </span>
     <span class='ocr_line' id='line_1_16' title="bbox 196 1666 1092 1750; baseline -0.002 -21"><span class='ocrx_word' id='word_1_132' title='bbox 196 1669 350 1750; x_wconf 87' lang='lat' dir='ltr'><strong>gendum,</strong></span> <span class='ocrx_word' id='word_1_133' title='bbox 366 1691 462 1750; x_wconf 87' lang='lat' dir='ltr'><strong>quum</strong></span> <span class='ocrx_word' id='word_1_134' title='bbox 475 1668 581 1729; x_wconf 91' lang='lat' dir='ltr'><strong>nullus</strong></span> <span class='ocrx_word' id='word_1_135' title='bbox 591 1667 656 1750; x_wconf 89' lang='lat' dir='ltr'><strong>jam</strong></span> <span class='ocrx_word' id='word_1_136' title='bbox 668 1667 781 1728; x_wconf 86' lang='lat' dir='ltr'><strong>deinde</strong></span> <span class='ocrx_word' id='word_1_137' title='bbox 793 1688 894 1728; x_wconf 89' lang='lat' dir='ltr'><strong>sermo</strong></span> <span class='ocrx_word' id='word_1_138' title='bbox 907 1666 945 1728; x_wconf 91' lang='lat' dir='ltr'><strong>de</strong></span> <span class='ocrx_word' id='word_1_139' title='bbox 958 1671 1092 1729; x_wconf 87' lang='lat' dir='ltr'><strong>Venere.</strong></span> 
     </span>
    </p>

    <p class='ocr_par' dir='ltr' id='par_1_5' title="bbox 194 1753 1247 2548">
     <span class='ocr_line' id='line_1_17' title="bbox 235 1753 1247 1840; baseline -0.005 -23"><span class='ocrx_word' id='word_1_140' title='bbox 235 1760 592 1840; x_wconf 77' lang='lat' dir='ltr'><strong>617.SeqounturAEneae</strong></span> <span class='ocrx_word' id='word_1_141' title='bbox 600 1756 742 1832; x_wconf 80' lang='lat' dir='ltr'><strong>affectus,</strong></span> <span class='ocrx_word' id='word_1_142' title='bbox 750 1758 805 1838; x_wconf 91' lang='lat' dir='ltr'><strong>qui</strong></span> <span class='ocrx_word' id='word_1_143' title='bbox 814 1759 979 1818; x_wconf 86' lang='lat' dir='ltr'><strong>necessarii</strong></span> <span class='ocrx_word' id='word_1_144' title='bbox 987 1757 1104 1817; x_wconf 82' lang='lat' dir='ltr'><strong>advisa</strong></span> <span class='ocrx_word' id='word_1_145' title='bbox 1113 1753 1247 1815; x_wconf 78' lang='lat' dir='ltr'><strong>caelestia</strong></span> 
     </span>
     <span class='ocr_line' id='line_1_18' title="bbox 197 1843 1247 1926; baseline -0.004 -24"><span class='ocrx_word' id='word_1_146' title='bbox 197 1865 300 1904; x_wconf 87' lang='lat' dir='ltr'><strong>arma:</strong></span> <span class='ocrx_word' id='word_1_147' title='bbox 324 1847 444 1904; x_wconf 85' lang='lat' dir='ltr'><strong>laetatur</strong></span> <span class='ocrx_word' id='word_1_148' title='bbox 461 1847 552 1904; x_wconf 88' lang='lat' dir='ltr'><strong>donis</strong></span> <span class='ocrx_word' id='word_1_149' title='bbox 570 1858 600 1904; x_wconf 91' lang='lat' dir='ltr'><strong>et</strong></span> <span class='ocrx_word' id='word_1_150' title='bbox 615 1843 754 1919; x_wconf 83' lang='lat' dir='ltr'><strong>honore,</strong></span> <span class='ocrx_word' id='word_1_151' title='bbox 777 1865 840 1926; x_wconf 91' lang='lat' dir='ltr'><strong>quo</strong></span> <span class='ocrx_word' id='word_1_152' title='bbox 858 1844 1053 1920; x_wconf 82' lang='lat' dir='ltr'><strong>cumulatus,</strong></span> <span class='ocrx_word' id='word_1_153' title='bbox 1075 1843 1247 1925; x_wconf 82' lang='lat' dir='ltr'><strong>praesertim</strong></span> 
     </span>
     <span class='ocr_line' id='line_1_19' title="bbox 197 1929 1245 2014; baseline -0.003 -25"><span class='ocrx_word' id='word_1_154' title='bbox 197 1946 323 1990; x_wconf 88' lang='lat' dir='ltr'><strong>auctore</strong></span> <span class='ocrx_word' id='word_1_155' title='bbox 332 1932 413 1991; x_wconf 88' lang='lat' dir='ltr'><strong>Dea:</strong></span> <span class='ocrx_word' id='word_1_156' title='bbox 430 1933 470 1988; x_wconf 82' lang='lat' dir='ltr'><strong>ita</strong></span> <span class='ocrx_word' id='word_1_157' title='bbox 485 1931 575 1990; x_wconf 88' lang='lat' dir='ltr'><strong>avide</strong></span> <span class='ocrx_word' id='word_1_158' title='bbox 588 1933 742 2005; x_wconf 88' lang='lat' dir='ltr'><strong>intuetur,</strong></span> <span class='ocrx_word' id='word_1_159' title='bbox 757 1945 793 1990; x_wconf 92' lang='lat' dir='ltr'><strong>ut</strong></span> <span class='ocrx_word' id='word_1_160' title='bbox 804 1947 939 2014; x_wconf 88' lang='lat' dir='ltr'><strong>nequeat</strong></span> <span class='ocrx_word' id='word_1_161' title='bbox 949 1931 1088 2014; x_wconf 81' lang='lat' dir='ltr'><strong>expleri3</strong></span> <span class='ocrx_word' id='word_1_162' title='bbox 1102 1929 1179 1990; x_wconf 89' lang='lat' dir='ltr'><strong>inde</strong></span> <span class='ocrx_word' id='word_1_163' title='bbox 1188 1941 1245 2003; x_wconf 86' lang='lat' dir='ltr'><strong>est,</strong></span> 
     </span>
     <span class='ocr_line' id='line_1_20' title="bbox 196 2019 1246 2104; baseline -0.003 -24"><span class='ocrx_word' id='word_1_164' title='bbox 196 2033 232 2080; x_wconf 91' lang='lat' dir='ltr'><strong>ut</strong></span> <span class='ocrx_word' id='word_1_165' title='bbox 242 2021 348 2080; x_wconf 90' lang='lat' dir='ltr'><strong>oculos</strong></span> <span class='ocrx_word' id='word_1_166' title='bbox 359 2021 474 2102; x_wconf 87' lang='lat' dir='ltr'><strong>passim</strong></span> <span class='ocrx_word' id='word_1_167' title='bbox 487 2019 592 2080; x_wconf 88' lang='lat' dir='ltr'><strong>volvat</strong></span> <span class='ocrx_word' id='word_1_168' title='bbox 600 2041 657 2104; x_wconf 90' lang='lat' dir='ltr'><strong>per</strong></span> <span class='ocrx_word' id='word_1_169' title='bbox 667 2019 802 2102; x_wconf 86' lang='lat' dir='ltr'><strong>singula.</strong></span> <span class='ocrx_word' id='word_1_170' title='bbox 813 2023 1067 2102; x_wconf 85' lang='lat' dir='ltr'><strong>Hinceonsurgit</strong></span> <span class='ocrx_word' id='word_1_171' title='bbox 1080 2020 1246 2080; x_wconf 87' lang='lat' dir='ltr'><strong>admiratio</strong></span> 
     </span>
     <span class='ocr_line' id='line_1_21' title="bbox 196 2107 1246 2190; baseline -0.006 -22"><span class='ocrx_word' id='word_1_172' title='bbox 196 2108 404 2182; x_wconf 88' lang='lat' dir='ltr'><strong>incredibilis,</strong></span> <span class='ocrx_word' id='word_1_173' title='bbox 425 2124 454 2168; x_wconf 91' lang='lat' dir='ltr'><strong>et</strong></span> <span class='ocrx_word' id='word_1_174' title='bbox 471 2121 621 2190; x_wconf 89' lang='lat' dir='ltr'><strong>tanquam</strong></span> <span class='ocrx_word' id='word_1_175' title='bbox 636 2110 686 2168; x_wconf 86' lang='lat' dir='ltr'><strong>vix</strong></span> <span class='ocrx_word' id='word_1_176' title='bbox 704 2109 829 2182; x_wconf 72' lang='lat' dir='ltr'><strong>credat,</strong></span> <span class='ocrx_word' id='word_1_177' title='bbox 848 2107 910 2168; x_wconf 91' lang='lat' dir='ltr'><strong>hoc</strong></span> <span class='ocrx_word' id='word_1_178' title='bbox 928 2111 1014 2168; x_wconf 87' lang='lat' dir='ltr'><strong>enim</strong></span> <span class='ocrx_word' id='word_1_179' title='bbox 1031 2107 1102 2168; x_wconf 85' lang='lat' dir='ltr'><strong>lieri</strong></span> <span class='ocrx_word' id='word_1_180' title='bbox 1119 2107 1200 2168; x_wconf 89' lang='lat' dir='ltr'><strong>solet</strong></span> <span class='ocrx_word' id='word_1_181' title='bbox 1214 2107 1246 2164; x_wconf 90' lang='lat' dir='ltr'><strong>iu</strong></span> 
     </span>
     <span class='ocr_line' id='line_1_22' title="bbox 196 2198 1244 2280; baseline -0.009 -20"><span class='ocrx_word' id='word_1_182' title='bbox 196 2221 309 2280; x_wconf 87' lang='lat' dir='ltr'><strong>magna</strong></span> <span class='ocrx_word' id='word_1_183' title='bbox 323 2198 547 2273; x_wconf 75' lang='lat' dir='ltr'><strong>admiratione,</strong></span> <span class='ocrx_word' id='word_1_184' title='bbox 561 2199 614 2258; x_wconf 83' lang='lat' dir='ltr'><strong>illa</strong></span> <span class='ocrx_word' id='word_1_185' title='bbox 628 2199 737 2280; x_wconf 76' lang='lat' dir='ltr'><strong>arripit</strong></span> <span class='ocrx_word' id='word_1_186' title='bbox 750 2219 863 2274; x_wconf 87' lang='lat' dir='ltr'><strong>manu,</strong></span> <span class='ocrx_word' id='word_1_187' title='bbox 879 2211 1009 2274; x_wconf 86' lang='lat' dir='ltr'><strong>tractat,</strong></span> <span class='ocrx_word' id='word_1_188' title='bbox 1024 2211 1147 2270; x_wconf 87' lang='lat' dir='ltr'><strong>versat;</strong></span> <span class='ocrx_word' id='word_1_189' title='bbox 1162 2213 1244 2255; x_wconf 88' lang='lat' dir='ltr'><strong>nunc</strong></span> 
     </span>
     <span class='ocr_line' id='line_1_23' title="bbox 196 2286 1243 2374; baseline -0.011 -23"><span class='ocrx_word' id='word_1_190' title='bbox 196 2293 222 2351; x_wconf 88' lang='lat' dir='ltr'><strong>si</strong></span> <span class='ocrx_word' id='word_1_191' title='bbox 244 2289 434 2374; x_wconf 86' lang='lat' dir='ltr'><strong>perpendas,</strong></span> <span class='ocrx_word' id='word_1_192' title='bbox 455 2288 540 2372; x_wconf 87' lang='lat' dir='ltr'><strong>quod</strong></span> <span class='ocrx_word' id='word_1_193' title='bbox 559 2309 625 2350; x_wconf 91' lang='lat' dir='ltr'><strong>non</strong></span> <span class='ocrx_word' id='word_1_194' title='bbox 642 2288 759 2350; x_wconf 86' lang='lat' dir='ltr'><strong>tuendo</strong></span> <span class='ocrx_word' id='word_1_195' title='bbox 778 2287 953 2370; x_wconf 79' lang='lat' dir='ltr'><strong>expleatur,</strong></span> <span class='ocrx_word' id='word_1_196' title='bbox 977 2288 1064 2370; x_wconf 90' lang='lat' dir='ltr'><strong>quod</strong></span> <span class='ocrx_word' id='word_1_197' title='bbox 1084 2287 1194 2348; x_wconf 85' lang='lat' dir='ltr'><strong>oculos</strong></span> <span class='ocrx_word' id='word_1_198' title='bbox 1214 2286 1243 2342; x_wconf 93' lang='lat' dir='ltr'><strong>in</strong></span> 
     </span>
     <span class='ocr_line' id='line_1_24' title="bbox 194 2373 1244 2458; baseline -0.011 -17"><span class='ocrx_word' id='word_1_199' title='bbox 194 2395 306 2440; x_wconf 82' lang='lat' dir='ltr'><strong>cuncta</strong></span> <span class='ocrx_word' id='word_1_200' title='bbox 322 2377 482 2452; x_wconf 81' lang='lat' dir='ltr'><strong>intendat,</strong></span> <span class='ocrx_word' id='word_1_201' title='bbox 505 2377 589 2458; x_wconf 88' lang='lat' dir='ltr'><strong>quod</strong></span> <span class='ocrx_word' id='word_1_202' title='bbox 609 2380 739 2438; x_wconf 88' lang='lat' dir='ltr'><strong>miretur</strong></span> <span class='ocrx_word' id='word_1_203' title='bbox 754 2391 849 2458; x_wconf 90' lang='lat' dir='ltr'><strong>atque</strong></span> <span class='ocrx_word' id='word_1_204' title='bbox 868 2390 986 2450; x_wconf 87' lang='lat' dir='ltr'><strong>verset,</strong></span> <span class='ocrx_word' id='word_1_205' title='bbox 1008 2373 1185 2455; x_wconf 77' lang='lat' dir='ltr'><strong>intelliges,</strong></span> <span class='ocrx_word' id='word_1_206' title='bbox 1204 2373 1244 2430; x_wconf 91' lang='lat' dir='ltr'><strong>ait</strong></span> 
     </span>
     <span class='ocr_line' id='line_1_25' title="bbox 194 2467 1243 2548; baseline -0.009 -20"><span class='ocrx_word' id='word_1_207' title='bbox 194 2471 223 2528; x_wconf 89' lang='lat' dir='ltr'><strong>J.</strong></span> <span class='ocrx_word' id='word_1_208' title='bbox 234 2471 266 2529; x_wconf 89' lang='lat' dir='ltr'><strong>G.</strong></span> <span class='ocrx_word' id='word_1_209' title='bbox 279 2470 423 2548; x_wconf 77' lang='lat' dir='ltr'><strong>Scaliger,</strong></span> <span class='ocrx_word' id='word_1_210' title='bbox 438 2487 589 2548; x_wconf 89' lang='lat' dir='ltr'><strong>magnum</strong></span> <span class='ocrx_word' id='word_1_211' title='bbox 599 2489 662 2530; x_wconf 88' lang='lat' dir='ltr'><strong>csse</strong></span> <span class='ocrx_word' id='word_1_212' title='bbox 672 2487 766 2548; x_wconf 89' lang='lat' dir='ltr'><strong>opus;</strong></span> <span class='ocrx_word' id='word_1_213' title='bbox 776 2486 927 2546; x_wconf 88' lang='lat' dir='ltr'><strong>magnum</strong></span> <span class='ocrx_word' id='word_1_214' title='bbox 936 2467 1084 2539; x_wconf 81' lang='lat' dir='ltr'><strong>AEneam3</strong></span> <span class='ocrx_word' id='word_1_215' title='bbox 1095 2481 1243 2544; x_wconf 89' lang='lat' dir='ltr'><strong>magnum</strong></span> 
     </span>
    </p>

    <p class='ocr_par' dir='ltr' id='par_1_6' title="bbox 197 2554 470 2635">
     <span class='ocr_line' id='line_1_26' title="bbox 197 2554 470 2635; baseline -0.007 -20"><span class='ocrx_word' id='word_1_216' title='bbox 197 2554 375 2635; x_wconf 78' lang='lat' dir='ltr'><strong>Virgilium.</strong></span> <span class='ocrx_word' id='word_1_217' title='bbox 467 2558 470 2566; x_wconf 78' lang='lat'><em>&#39;</em></span> 
     </span>
    </p>

    <p class='ocr_par' dir='ltr' id='par_1_7' title="bbox 190 2635 1243 3524">
     <span class='ocr_line' id='line_1_27' title="bbox 208 2635 1242 2722; baseline -0.002 -26"><span class='ocrx_word' id='word_1_218' title='bbox 208 2691 210 2696; x_wconf 83' lang='grc'>.</span> <span class='ocrx_word' id='word_1_219' title='bbox 234 2641 305 2700; x_wconf 83' lang='lat'><strong>620.</strong></span> <span class='ocrx_word' id='word_1_220' title='bbox 320 2643 471 2700; x_wconf 86' lang='lat' dir='ltr'><strong>Recenset</strong></span> <span class='ocrx_word' id='word_1_221' title='bbox 482 2639 624 2722; x_wconf 87' lang='lat' dir='ltr'><strong>singula,</strong></span> <span class='ocrx_word' id='word_1_222' title='bbox 637 2653 668 2702; x_wconf 90' lang='lat' dir='ltr'><strong>et</strong></span> <span class='ocrx_word' id='word_1_223' title='bbox 678 2661 751 2704; x_wconf 86' lang='lat' dir='ltr'><strong>cum</strong></span> <span class='ocrx_word' id='word_1_224' title='bbox 761 2643 936 2720; x_wconf 82' lang='lat' dir='ltr'><strong>praeconio,</strong></span> <span class='ocrx_word' id='word_1_225' title='bbox 951 2639 1103 2700; x_wconf 85' lang='lat' dir='ltr'><strong>videlicet</strong></span> <span class='ocrx_word' id='word_1_226' title='bbox 1113 2635 1242 2720; x_wconf 76' lang='lat' dir='ltr'><strong>poleam,</strong></span> 
     </span>
     <span class='ocr_line' id='line_1_28' title="bbox 193 2724 1243 2808; baseline -0.007 -20"><span class='ocrx_word' id='word_1_227' title='bbox 193 2750 306 2802; x_wconf 83' lang='lat' dir='ltr'><strong>ensem,</strong></span> <span class='ocrx_word' id='word_1_228' title='bbox 329 2726 468 2788; x_wconf 86' lang='lat' dir='ltr'><strong>loricam:</strong></span> <span class='ocrx_word' id='word_1_229' title='bbox 491 2727 610 2808; x_wconf 87' lang='lat' dir='ltr'><strong>galeam</strong></span> <span class='ocrx_word' id='word_1_230' title='bbox 627 2727 862 2788; x_wconf 89' lang='lat' dir='ltr'><strong>commendata</strong></span> <span class='ocrx_word' id='word_1_231' title='bbox 879 2729 998 2802; x_wconf 88' lang='lat' dir='ltr'><strong>cristis,</strong></span> <span class='ocrx_word' id='word_1_232' title='bbox 1020 2727 1142 2808; x_wconf 86' lang='lat' dir='ltr'><strong>quibus</strong></span> <span class='ocrx_word' id='word_1_233' title='bbox 1161 2724 1243 2784; x_wconf 88' lang='lat' dir='ltr'><strong>terri·</strong></span> 
     </span>
     <span class='ocr_line' id='line_1_29' title="bbox 191 2811 1242 2898; baseline -0.006 -20"><span class='ocrx_word' id='word_1_234' title='bbox 191 2818 282 2893; x_wconf 87' lang='lat' dir='ltr'><strong>hilis,</strong></span> <span class='ocrx_word' id='word_1_235' title='bbox 297 2832 328 2878; x_wconf 87' lang='lat' dir='ltr'><strong>et</strong></span> <span class='ocrx_word' id='word_1_236' title='bbox 340 2839 358 2878; x_wconf 93' lang='lat' dir='ltr'><strong>a</strong></span> <span class='ocrx_word' id='word_1_237' title='bbox 370 2838 452 2878; x_wconf 85' lang='lat' dir='ltr'><strong>saevo</strong></span> <span class='ocrx_word' id='word_1_238' title='bbox 466 2817 622 2898; x_wconf 88' lang='lat' dir='ltr'><strong>quodam,</strong></span> <span class='ocrx_word' id='word_1_239' title='bbox 636 2821 679 2878; x_wconf 92' lang='lat' dir='ltr'><strong>sic</strong></span> <span class='ocrx_word' id='word_1_240' title='bbox 692 2817 950 2898; x_wconf 77' lang='lat' dir='ltr'><strong>Siliusloquitur,</strong></span> <span class='ocrx_word' id='word_1_241' title='bbox 965 2817 1169 2878; x_wconf 83' lang='lat' dir='ltr'><strong>flammarum</strong></span> <span class='ocrx_word' id='word_1_242' title='bbox 1184 2811 1242 2872; x_wconf 87' lang='lat' dir='ltr'><strong>ful-</strong></span> 
     </span>
     <span class='ocr_line' id='line_1_30' title="bbox 192 2903 1242 2990; baseline -0.008 -23"><span class='ocrx_word' id='word_1_243' title='bbox 192 2928 284 2990; x_wconf 90' lang='lat' dir='ltr'><strong>gore,</strong></span> <span class='ocrx_word' id='word_1_244' title='bbox 300 2926 376 2987; x_wconf 86' lang='lat' dir='ltr'><strong>quas</strong></span> <span class='ocrx_word' id='word_1_245' title='bbox 388 2906 552 2969; x_wconf 81' lang='lat' dir='ltr'><strong>vomebat:</strong></span> <span class='ocrx_word' id='word_1_246' title='bbox 571 2923 675 2967; x_wconf 88' lang='lat' dir='ltr'><strong>ensem</strong></span> <span class='ocrx_word' id='word_1_247' title='bbox 689 2929 706 2966; x_wconf 85' lang='lat' dir='ltr'><strong>a</strong></span> <span class='ocrx_word' id='word_1_248' title='bbox 719 2905 803 2980; x_wconf 85' lang='lat' dir='ltr'><strong>fato,</strong></span> <span class='ocrx_word' id='word_1_249' title='bbox 816 2907 875 2975; x_wconf 26' lang='lat' dir='ltr'><strong>,cui</strong></span> <span class='ocrx_word' id='word_1_250' title='bbox 884 2904 949 2987; x_wconf 89' lang='lat' dir='ltr'><strong>jam</strong></span> <span class='ocrx_word' id='word_1_251' title='bbox 963 2904 1142 2965; x_wconf 85' lang='lat' dir='ltr'><strong>destinatus</strong></span> <span class='ocrx_word' id='word_1_252' title='bbox 1154 2903 1242 2987; x_wconf 80' lang='lat' dir='ltr'><strong>miser</strong></span> 
     </span>
     <span class='ocr_line' id='line_1_31' title="bbox 192 2987 1241 3074; baseline -0.008 -21"><span class='ocrx_word' id='word_1_253' title='bbox 192 2997 333 3068; x_wconf 89' lang='lat' dir='ltr'><strong>Turnus,</strong></span> <span class='ocrx_word' id='word_1_254' title='bbox 353 3005 383 3052; x_wconf 89' lang='lat' dir='ltr'><strong>et</strong></span> <span class='ocrx_word' id='word_1_255' title='bbox 393 3005 460 3052; x_wconf 85' lang='lat' dir='ltr'><strong>tota</strong></span> <span class='ocrx_word' id='word_1_256' title='bbox 477 2992 586 3052; x_wconf 88' lang='lat' dir='ltr'><strong>ltalia:</strong></span> <span class='ocrx_word' id='word_1_257' title='bbox 606 2993 734 3054; x_wconf 84' lang='lat' dir='ltr'><strong>loricam</strong></span> <span class='ocrx_word' id='word_1_258' title='bbox 748 2990 788 3051; x_wconf 88' lang='lat' dir='ltr'><strong>ab</strong></span> <span class='ocrx_word' id='word_1_259' title='bbox 798 3013 875 3068; x_wconf 74' lang='lat' dir='ltr'><strong>tere,</strong></span> <span class='ocrx_word' id='word_1_260' title='bbox 897 3012 960 3074; x_wconf 92' lang='lat' dir='ltr'><strong>quo</strong></span> <span class='ocrx_word' id='word_1_261' title='bbox 972 2994 1070 3072; x_wconf 80' lang='lat' dir='ltr'><strong>riget3</strong></span> <span class='ocrx_word' id='word_1_262' title='bbox 1093 3011 1110 3048; x_wconf 82' lang='lat' dir='ltr'><strong>a</strong></span> <span class='ocrx_word' id='word_1_263' title='bbox 1126 2987 1241 3058; x_wconf 87' lang='lat' dir='ltr'><strong>colore,</strong></span> 
     </span>
     <span class='ocr_line' id='line_1_32' title="bbox 193 3077 1241 3164; baseline -0.01 -23"><span class='ocrx_word' id='word_1_264' title='bbox 193 3083 247 3164; x_wconf 88' lang='lat' dir='ltr'><strong>qui</strong></span> <span class='ocrx_word' id='word_1_265' title='bbox 260 3081 464 3162; x_wconf 82' lang='lat' dir='ltr'><strong>sanguineus3</strong></span> <span class='ocrx_word' id='word_1_266' title='bbox 483 3078 745 3162; x_wconf 86' lang='lat' dir='ltr'><strong>amagnitudine,</strong></span> <span class='ocrx_word' id='word_1_267' title='bbox 763 3101 837 3138; x_wconf 90' lang='lat' dir='ltr'><strong>nam</strong></span> <span class='ocrx_word' id='word_1_268' title='bbox 849 3081 978 3160; x_wconf 90' lang='lat' dir='ltr'><strong>ingens:</strong></span> <span class='ocrx_word' id='word_1_269' title='bbox 998 3097 1070 3160; x_wconf 83' lang='lat' dir='ltr'><strong>quae</strong></span> <span class='ocrx_word' id='word_1_270' title='bbox 1087 3077 1241 3160; x_wconf 89' lang='lat' dir='ltr'><strong>pertinent</strong></span> 
     </span>
     <span class='ocr_line' id='line_1_33' title="bbox 192 3165 1241 3252; baseline -0.008 -23"><span class='ocrx_word' id='word_1_271' title='bbox 192 3169 232 3229; x_wconf 82' lang='lat' dir='ltr'><strong>ad</strong></span> <span class='ocrx_word' id='word_1_272' title='bbox 245 3170 391 3244; x_wconf 88' lang='lat' dir='ltr'><strong>loricam,</strong></span> <span class='ocrx_word' id='word_1_273' title='bbox 412 3169 550 3230; x_wconf 84' lang='lat' dir='ltr'><strong>illustrat</strong></span> <span class='ocrx_word' id='word_1_274' title='bbox 562 3172 794 3252; x_wconf 88' lang='lat' dir='ltr'><strong>comparatione</strong></span> <span class='ocrx_word' id='word_1_275' title='bbox 806 3169 916 3244; x_wconf 86' lang='lat' dir='ltr'><strong>nubis,</strong></span> <span class='ocrx_word' id='word_1_276' title='bbox 937 3189 1034 3250; x_wconf 89' lang='lat' dir='ltr'><strong>quam</strong></span> <span class='ocrx_word' id='word_1_277' title='bbox 1047 3167 1100 3226; x_wconf 88' lang='lat' dir='ltr'><strong>Sol</strong></span> <span class='ocrx_word' id='word_1_278' title='bbox 1115 3165 1241 3224; x_wconf 84' lang='lat' dir='ltr'><strong>irradiat</strong></span> 
     </span>
     <span class='ocr_line' id='line_1_34' title="bbox 190 3255 1240 3341; baseline -0.008 -22"><span class='ocrx_word' id='word_1_279' title='bbox 190 3258 354 3341; x_wconf 82' lang='lat' dir='ltr'><strong>redditque</strong></span> <span class='ocrx_word' id='word_1_280' title='bbox 367 3257 429 3318; x_wconf 89' lang='lat' dir='ltr'><strong>late</strong></span> <span class='ocrx_word' id='word_1_281' title='bbox 443 3257 659 3339; x_wconf 89' lang='lat' dir='ltr'><strong>splendidam:</strong></span> <span class='ocrx_word' id='word_1_282' title='bbox 681 3257 743 3318; x_wconf 87' lang='lat' dir='ltr'><strong>tale</strong></span> <span class='ocrx_word' id='word_1_283' title='bbox 760 3271 824 3318; x_wconf 88' lang='lat' dir='ltr'><strong>erat</strong></span> <span class='ocrx_word' id='word_1_284' title='bbox 840 3278 880 3318; x_wconf 82' lang='lat' dir='ltr'><strong>aes</strong></span> <span class='ocrx_word' id='word_1_285' title='bbox 897 3257 1002 3318; x_wconf 83' lang='lat' dir='ltr'><strong>loricae</strong></span> <span class='ocrx_word' id='word_1_286' title='bbox 1019 3255 1159 3316; x_wconf 83' lang='lat' dir='ltr'><strong>admisto</strong></span> <span class='ocrx_word' id='word_1_287' title='bbox 1176 3274 1240 3312; x_wconf 90' lang='lat' dir='ltr'><strong>san·</strong></span> 
     </span>
     <span class='ocr_line' id='line_1_35' title="bbox 192 3343 1240 3430; baseline -0.009 -22"><span class='ocrx_word' id='word_1_288' title='bbox 192 3351 306 3430; x_wconf 87' lang='lat' dir='ltr'><strong>guineo</strong></span> <span class='ocrx_word' id='word_1_289' title='bbox 321 3347 376 3408; x_wconf 91' lang='lat' dir='ltr'><strong>illo</strong></span> <span class='ocrx_word' id='word_1_290' title='bbox 395 3360 425 3408; x_wconf 86' lang='lat' dir='ltr'><strong>et</strong></span> <span class='ocrx_word' id='word_1_291' title='bbox 439 3347 534 3407; x_wconf 91' lang='lat' dir='ltr'><strong>rutilo</strong></span> <span class='ocrx_word' id='word_1_292' title='bbox 549 3349 662 3408; x_wconf 90' lang='lat' dir='ltr'><strong>colore.</strong></span> <span class='ocrx_word' id='word_1_293' title='bbox 684 3351 719 3406; x_wconf 92' lang='lat' dir='ltr'><strong>ln</strong></span> <span class='ocrx_word' id='word_1_294' title='bbox 739 3345 797 3408; x_wconf 91' lang='lat' dir='ltr'><strong>hac</strong></span> <span class='ocrx_word' id='word_1_295' title='bbox 816 3348 1055 3427; x_wconf 89' lang='lat' dir='ltr'><strong>comparatione</strong></span> <span class='ocrx_word' id='word_1_296' title='bbox 1070 3345 1176 3404; x_wconf 86' lang='lat' dir='ltr'><strong>nubes</strong></span> <span class='ocrx_word' id='word_1_297' title='bbox 1190 3343 1240 3402; x_wconf 85' lang='lat' dir='ltr'><strong>aeri</strong></span> 
     </span>
     <span class='ocr_line' id='line_1_36' title="bbox 190 3435 1241 3524; baseline -0.008 -26"><span class='ocrx_word' id='word_1_298' title='bbox 190 3437 372 3521; x_wconf 85' lang='lat' dir='ltr'><strong>respondet,</strong></span> <span class='ocrx_word' id='word_1_299' title='bbox 390 3437 470 3498; x_wconf 84' lang='lat' dir='ltr'><strong>Solis</strong></span> <span class='ocrx_word' id='word_1_300' title='bbox 489 3439 569 3498; x_wconf 87' lang='lat' dir='ltr'><strong>radii</strong></span> <span class='ocrx_word' id='word_1_301' title='bbox 587 3438 681 3500; x_wconf 89' lang='lat' dir='ltr'><strong>lucidi</strong></span> <span class='ocrx_word' id='word_1_302' title='bbox 702 3439 800 3524; x_wconf 85' lang='lat' dir='ltr'><strong>colori</strong></span> <span class='ocrx_word' id='word_1_303' title='bbox 816 3449 962 3512; x_wconf 86' lang='lat' dir='ltr'><strong>cruento,</strong></span> <span class='ocrx_word' id='word_1_304' title='bbox 979 3435 1088 3509; x_wconf 89' lang='lat' dir='ltr'><strong>idest,</strong></span> <span class='ocrx_word' id='word_1_305' title='bbox 1110 3435 1193 3494; x_wconf 85' lang='lat' dir='ltr'><strong>flavo</strong></span> <span class='ocrx_word' id='word_1_306' title='bbox 1211 3445 1241 3492; x_wconf 89' lang='lat' dir='ltr'><strong>et</strong></span> 
     </span>
    </p>
   </div>
   <div class='ocr_carea' id='block_1_3' title="bbox 147 3613 1241 4083">
    <p class='ocr_par' dir='ltr' id='par_1_8' title="bbox 147 3613 1241 4083">
     <span class='ocr_line' id='line_1_37' title="bbox 225 3613 1238 3696; baseline -0.011 -23"><span class='ocrx_word' id='word_1_307' title='bbox 225 3623 286 3674; x_wconf 84' lang='lat'>610.</span> <span class='ocrx_word' id='word_1_308' title='bbox 307 3617 417 3690; x_wconf 72' lang='lat' dir='ltr'><strong>Egelido</strong></span> <span class='ocrx_word' id='word_1_309' title='bbox 436 3629 559 3672; x_wconf 83' lang='lat' dir='ltr'><strong>secretum</strong></span> <span class='ocrx_word' id='word_1_310' title='bbox 572 3619 689 3696; x_wconf 74' lang='lat' dir='ltr'><strong>flumine</strong></span> <span class='ocrx_word' id='word_1_311' title='bbox 733 3631 786 3684; x_wconf 87' lang='lat' dir='ltr'><strong>est,</strong></span> <span class='ocrx_word' id='word_1_312' title='bbox 796 3615 923 3690; x_wconf 73' lang='lat' dir='ltr'><strong>prasidio</strong></span> <span class='ocrx_word' id='word_1_313' title='bbox 933 3615 1065 3677; x_wconf 84' lang='lat' dir='ltr'><strong>fluminis3</strong></span> <span class='ocrx_word' id='word_1_314' title='bbox 1076 3626 1109 3665; x_wconf 92' lang='lat' dir='ltr'><strong>ut</strong></span> <span class='ocrx_word' id='word_1_315' title='bbox 1119 3613 1238 3677; x_wconf 87' lang='lat' dir='ltr'><strong>dicimus,</strong></span> 
     </span>
     <span class='ocr_line' id='line_1_38' title="bbox 190 3693 1241 3776; baseline -0.01 -25"><span class='ocrx_word' id='word_1_316' title='bbox 190 3700 262 3753; x_wconf 77' lang='lat' dir='ltr'><strong>vidit.</strong></span> <span class='ocrx_word' id='word_1_317' title='bbox 272 3697 394 3768; x_wconf 64' lang='grc' dir='ltr'><strong><em>Εςείἱάο,</em></strong></span> <span class='ocrx_word' id='word_1_318' title='bbox 405 3696 433 3748; x_wconf 94' lang='lat' dir='ltr'><strong>id</strong></span> <span class='ocrx_word' id='word_1_319' title='bbox 444 3711 497 3764; x_wconf 88' lang='lat' dir='ltr'><strong>est,</strong></span> <span class='ocrx_word' id='word_1_320' title='bbox 507 3701 618 3760; x_wconf 85' lang='lat' dir='ltr'><strong>nimium</strong></span> <span class='ocrx_word' id='word_1_321' title='bbox 625 3700 689 3772; x_wconf 83' lang='lat' dir='ltr'><strong>geli·</strong></span> <span class='ocrx_word' id='word_1_322' title='bbox 721 3708 838 3776; x_wconf 63' lang='lat' dir='ltr'><strong>¹secretus</strong></span> <span class='ocrx_word' id='word_1_323' title='bbox 844 3707 881 3749; x_wconf 84' lang='lat' dir='ltr'><strong>est</strong></span> <span class='ocrx_word' id='word_1_324' title='bbox 886 3707 988 3760; x_wconf 83' lang='lat' dir='ltr'><strong>monte,</strong></span> <span class='ocrx_word' id='word_1_325' title='bbox 1000 3695 1044 3747; x_wconf 80' lang='lat' dir='ltr'><strong>vel</strong></span> <span class='ocrx_word' id='word_1_326' title='bbox 1054 3693 1132 3746; x_wconf 86' lang='lat' dir='ltr'><strong>silvis</strong></span> <span class='ocrx_word' id='word_1_327' title='bbox 1143 3716 1149 3742; x_wconf 94' lang='lat'><strong>:</strong></span> <span class='ocrx_word' id='word_1_328' title='bbox 1160 3693 1241 3744; x_wconf 85' lang='lat' dir='ltr'><strong>laten·</strong></span> 
     </span>
     <span class='ocr_line' id='line_1_39' title="bbox 147 3775 1239 3846; baseline -0.011 -13"><span class='ocrx_word' id='word_1_329' title='bbox 147 3815 154 3826; x_wconf 91' lang='lat'><strong>·</strong></span> <span class='ocrx_word' id='word_1_330' title='bbox 189 3780 240 3832; x_wconf 86' lang='lat' dir='ltr'><strong>do:</strong></span> <span class='ocrx_word' id='word_1_331' title='bbox 261 3787 287 3827; x_wconf 87' lang='lat' dir='ltr'><strong>et</strong></span> <span class='ocrx_word' id='word_1_332' title='bbox 303 3788 343 3826; x_wconf 88' lang='lat' dir='ltr'><strong>est</strong></span> <span class='ocrx_word' id='word_1_333' title='bbox 355 3793 410 3826; x_wconf 86' lang='lat' dir='ltr'><strong>nna</strong></span> <span class='ocrx_word' id='word_1_334' title='bbox 424 3794 485 3846; x_wconf 87' lang='lat' dir='ltr'><strong>pars</strong></span> <span class='ocrx_word' id='word_1_335' title='bbox 501 3779 643 3844; x_wconf 86' lang='lat' dir='ltr'><strong>orationis,</strong></span> <span class='ocrx_word' id='word_1_336' title='bbox 658 3791 688 3830; x_wconf 90' lang='lat' dir='ltr'><strong>ut</strong></span> <span class='ocrx_word' id='word_1_337' title='bbox 733 3791 773 3830; x_wconf 89' lang='lat' dir='ltr'><strong>ter</strong></span> <span class='ocrx_word' id='word_1_338' title='bbox 786 3791 875 3830; x_wconf 83' lang='lat' dir='ltr'><strong>autem</strong></span> <span class='ocrx_word' id='word_1_339' title='bbox 885 3775 1017 3843; x_wconf 88' lang='lat' dir='ltr'><strong>ostendit,</strong></span> <span class='ocrx_word' id='word_1_340' title='bbox 1036 3776 1168 3838; x_wconf 84' lang='lat' dir='ltr'><strong>AEneam,</strong></span> <span class='ocrx_word' id='word_1_341' title='bbox 1187 3790 1239 3822; x_wconf 92' lang='lat' dir='ltr'><strong>non</strong></span> 
     </span>
     <span class='ocr_line' id='line_1_40' title="bbox 188 3853 1239 3927; baseline -0.019 -5"><span class='ocrx_word' id='word_1_342' title='bbox 188 3861 236 3911; x_wconf 70' lang='lat' dir='ltr'><strong>Ge·</strong></span> <span class='ocrx_word' id='word_1_343' title='bbox 251 3857 296 3919; x_wconf 78' lang='lat' dir='ltr'><strong>le</strong></span> <span class='ocrx_word' id='word_1_344' title='bbox 312 3853 626 3927; x_wconf 71' lang='lat' dir='ltr'><strong>*Edummquepirum-</strong></span> <span class='ocrx_word' id='word_1_345' title='bbox 640 3858 688 3910; x_wconf 91' lang='lat' dir='ltr'><strong>:id</strong></span> <span class='ocrx_word' id='word_1_346' title='bbox 731 3857 783 3908; x_wconf 90' lang='lat' dir='ltr'><strong>nisi</strong></span> <span class='ocrx_word' id='word_1_347' title='bbox 800 3855 907 3908; x_wconf 86' lang='lat' dir='ltr'><strong>llumine</strong></span> <span class='ocrx_word' id='word_1_348' title='bbox 925 3855 1063 3920; x_wconf 83' lang='lat' dir='ltr'><strong>ablutum,</strong></span> <span class='ocrx_word' id='word_1_349' title='bbox 1081 3871 1186 3904; x_wconf 86' lang='lat' dir='ltr'><strong>nornen</strong></span> <span class='ocrx_word' id='word_1_350' title='bbox 1199 3853 1239 3903; x_wconf 81' lang='lat' dir='ltr'><strong>vi·</strong></span> 
     </span>
     <span class='ocr_line' id='line_1_41' title="bbox 190 3929 1236 4006; baseline -0.008 -18"><span class='ocrx_word' id='word_1_351' title='bbox 190 3949 244 4003; x_wconf 81' lang='lat' dir='ltr'><strong>est,</strong></span> <span class='ocrx_word' id='word_1_352' title='bbox 260 3931 339 3984; x_wconf 78' lang='lat' dir='ltr'><strong>valde</strong></span> <span class='ocrx_word' id='word_1_353' title='bbox 360 3929 473 3984; x_wconf 76' lang='lat' dir='ltr'><strong>duram:</strong></span> <span class='ocrx_word' id='word_1_354' title='bbox 498 3949 524 3987; x_wconf 86' lang='lat' dir='ltr'><strong>et</strong></span> <span class='ocrx_word' id='word_1_355' title='bbox 545 3938 583 3988; x_wconf 89' lang='lat' dir='ltr'><strong>sic</strong></span> <span class='ocrx_word' id='word_1_356' title='bbox 607 3937 685 4003; x_wconf 84' lang='lat' dir='ltr'><strong>dixit,</strong></span> <span class='ocrx_word' id='word_1_357' title='bbox 732 3936 795 3988; x_wconf 86' lang='lat' dir='ltr'><strong>dere</strong></span> <span class='ocrx_word' id='word_1_358' title='bbox 807 3937 936 4006; x_wconf 87' lang='lat' dir='ltr'><strong>potuisse.</strong></span> <span class='ocrx_word' id='word_1_359' title='bbox 952 3933 1200 3987; x_wconf 72' lang='lat' dir='ltr'><strong>Seru—Muretus</strong></span> <span class='ocrx_word' id='word_1_360' title='bbox 1213 3943 1236 3982; x_wconf 83' lang='lat' dir='ltr'><strong>et</strong></span> 
     </span>
     <span class='ocr_line' id='line_1_42' title="bbox 193 4007 1235 4083; baseline -0.017 -5"><span class='ocrx_word' id='word_1_361' title='bbox 193 4035 203 4057; x_wconf 63' lang='lat' dir='ltr'><strong>t</strong></span> <span class='ocrx_word' id='word_1_362' title='bbox 214 4023 343 4064; x_wconf 82' lang='lat' dir='ltr'><strong>secretum</strong></span> <span class='ocrx_word' id='word_1_363' title='bbox 354 4007 462 4061; x_wconf 65' lang='lat' dir='ltr'><strong>flumine</strong></span> <span class='ocrx_word' id='word_1_364' title='bbox 472 4013 576 4082; x_wconf 71' lang='lat' dir='ltr'><strong>egelido</strong></span> <span class='ocrx_word' id='word_1_365' title='bbox 587 4037 615 4080; x_wconf 68' lang='lat' dir='ltr'><strong>n,</strong></span> <span class='ocrx_word' id='word_1_366' title='bbox 633 4015 685 4067; x_wconf 84' lang='lat' dir='ltr'><strong>hoc</strong></span> <span class='ocrx_word' id='word_1_367' title='bbox 729 4016 799 4068; x_wconf 59' lang='lat' dir='ltr'><strong>Scal„</strong></span> <span class='ocrx_word' id='word_1_368' title='bbox 809 4015 921 4069; x_wconf 81' lang='lat' dir='ltr'><strong>PoetVI</strong></span> <span class='ocrx_word' id='word_1_369' title='bbox 926 4051 934 4082; x_wconf 81' lang='lat'><strong>,</strong></span> <span class='ocrx_word' id='word_1_370' title='bbox 944 4013 977 4067; x_wconf 85' lang='lat' dir='ltr'><strong>de</strong></span> <span class='ocrx_word' id='word_1_371' title='bbox 984 4011 1039 4066; x_wconf 89' lang='lat' dir='ltr'><strong>hoe</strong></span> <span class='ocrx_word' id='word_1_372' title='bbox 1046 4011 1160 4083; x_wconf 81' lang='lat' dir='ltr'><strong>legendi</strong></span> <span class='ocrx_word' id='word_1_373' title='bbox 1166 4023 1235 4064; x_wconf 85' lang='lat' dir='ltr'><strong>suut.</strong></span> 
     </span>
    </p>
   </div>
   <div class='ocr_carea' id='block_1_4' title="bbox 0 0 1326 4614">
    <p class='ocr_par' dir='ltr' id='par_1_9' title="bbox 0 0 1326 4614">
     <span class='ocr_line' id='line_1_43' title="bbox 0 0 1326 4614; baseline 0 0"><span class='ocrx_word' id='word_1_374' title='bbox 0 0 1326 4614; x_wconf 95' lang='lat' dir='ltr'><strong> </strong></span> 
     </span>
    </p>
   </div>
  </div>
 </body>
</html>
