2644 4614
299 279 350 341 IN
375 275 611 342 AENEIDOS
633 276 727 340 LIB.
751 277 862 340 VIII.
1038 276 1101 368 527

54 397 187 460 collecti
206 422 224 460 a
242 399 367 482 populis
386 402 529 474 Aurorae,
554 399 632 458 mari
651 399 765 472 rubro,
790 399 939 480 AEgypto,
959 400 1105 478 Oriente,

53 489 200 548 Bactris:
227 503 318 550 vocat
335 491 446 550 bactra
465 486 585 562 ultima,
607 503 672 546 nou
691 487 792 564 orbis,
813 486 865 547 sed
884 490 1054 548 Antoniani
1072 491 1106 550 iu

54 577 191 636 Oriente
202 579 335 658 imperii.

100 666 171 745 689.
190 667 260 726 Non
277 668 340 726 itur
355 667 389 726 in
405 664 540 739 bellum,
561 663 613 723 sed
629 665 746 736 ruitur:
769 663 846 722 adeo
863 661 1001 723 crudelia
1017 664 1107 725 odia!

53 751 228 814 videbatur
237 757 269 814 in
279 757 399 837 pictura
410 777 494 815 mare
503 767 607 814 totum
616 752 752 813 convelli
765 753 856 814 remis
870 766 899 812 et
911 757 1031 829 rustris3
1046 755 1108 816 illis

55 839 200 902 reductis
221 843 260 902 ad
279 855 383 924 pectus
402 845 578 922 remigum:
612 841 661 906 his
680 839 880 902 stridentibus
900 842 932 899 in
957 840 1108 904 findendo

55 931 158 1004 mari3
171 951 282 1012 spuma
296 929 413 1011 ubique
425 930 589 990 albicante.

99 1019 171 1098 690.
187 1019 311 1079 Putaret
325 1021 498 1102 quispiam,
513 1037 612 1102 quum
624 1035 717 1078 naves
728 1029 871 1078 cerneret.
879 1029 1015 1098 petentes
1029 1018 1110 1095 alta,

55 1105 170 1167 videre
181 1107 334 1191 Cycladas
349 1109 503 1183 revulsae,
523 1110 683 1182 innantes,
701 1121 941 1170 concurrentes:
961 1121 1015 1166 aut
1030 1121 1110 1168 certe

57 1209 186 1256 montes
201 1199 313 1261 obvios
327 1197 506 1258 montibus:
527 1217 602 1256 nam
615 1195 759 1256 videlicet
770 1215 890 1276 puppes
906 1197 1035 1254 navium
1048 1210 1112 1259 tur-

58 1285 131 1342 ritae
145 1297 176 1342 et
190 1285 348 1346 tabulata.

102 1368 173 1450 6910.
187 1372 333 1454 Sequitur
341 1373 407 1454 jam
419 1372 555 1447 bellum,
577 1371 663 1452 quod
680 1369 716 1428 lit
731 1367 865 1428 flammis
879 1368 1022 1448 jactatis,
1043 1367 1112 1429 telis

58 1459 261 1536 volantibus,
282 1483 351 1543 quae
368 1462 431 1522 duo
449 1460 599 1531 missilia,
621 1473 657 1520 ut
670 1461 704 1518 in
723 1477 890 1539 congressu
908 1461 1055 1518 nautico:
1077 1479 1113 1517 ac

56 1549 130 1628 jam
142 1561 209 1608 tum
221 1571 307 1611 mare
318 1552 450 1612 rubebat
462 1552 613 1633 sanguiue
626 1550 666 1608 ad
683 1549 802 1630 primos
814 1546 891 1608 belli
907 1549 1041 1630 impetus
1053 1569 1060 1606 :
1082 1559 1113 1607 et

59 1635 140 1696 crede
151 1658 244 1712 noue,
258 1639 289 1696 id
303 1652 364 1714 est,
380 1641 499 1721 ingenti
515 1651 545 1698 et
557 1638 716 1696 inusitata.

102 1726 172 1805 696.
187 1726 330 1803 Inducit,
344 1727 384 1788 ad
397 1728 550 1811 pudorem
563 1728 711 1800 Antonii,
725 1723 924 1805 Cleopatram
936 1741 1009 1781 cum
1021 1723 1113 1781 sistro

60 1815 262 1896 AEgyptiaco,
281 1837 339 1900 pro
358 1822 501 1880 Romano
519 1817 666 1892 classico,
686 1829 716 1876 et
732 1835 769 1875 00
785 1827 950 1874 vocantem
969 1815 1112 1893 agmina3

63 1981 566 2063 quodopebarbaricallomauuspug·
648 1987 710 2056 692.
733 1983 867 2056 Cycladas.
888 1983 1039 2052 Cleopatra
1062 2001 1113 2034 na·

62 2074 119 2114 uet-
132 2063 202 2116 Serv.
607 2085 654 2120 ves
673 2067 806 2123 inusitatae
824 2062 1015 2134 magnitudinis
1029 2063 1113 2116 fuisse

100 2142 162 2194 688.
182 2137 353 2218 Sequiturque
367 2147 378 2218 (
391 2149 464 2220 nefas
474 2149 499 2224 )‚
517 2159 563 2200 etc.
610 2149 691 2200 etiam
707 2147 759 2198 Dio
771 2155 877 2198 narrat:
897 2158 963 2212 quas
975 2154 1057 2212 poeta
1068 2141 1113 2193 hic

63 2221 230 2274 Exclamatio
247 2239 302 2276 est:
321 2229 398 2296 quasi
412 2245 461 2298 pro
479 2229 567 2300 nefas!
610 2222 830 2295 insulissingulas
838 2231 985 2290 comparat.
994 2218 1060 2272 Sunt
1069 2238 1113 2271 au·

65 2302 112 2354 aut
121 2319 171 2372 per
179 2301 352 2372 parenthesin
362 2303 463 2356 dictum
473 2319 567 2359 est:et
610 2320 664 2360 tem
685 2305 806 2376 Cyclades
824 2302 915 2354 insulse
934 2302 1014 2353 maris
1034 2302 1114 2373 AEgaei

63 2379 268 2452 nefasuouineo
275 2395 388 2449 tantum,
394 2383 568 2457 9001181999-
611 2403 723 2437 numero
736 2383 808 2448 Llll,
820 2384 846 2434 in
854 2380 928 2453 cycli
936 2382 1050 2432 formam
1061 2380 1114 2431 dis·

63 2463 131 2512 tiam
142 2461 276 2514 Romanus
289 2463 414 2529 duxerat,
427 2463 566 2517 sedetiam
610 2466 713 2536 positar.
729 2493 763 2504 -·-
777 2463 833 2514 Aut
848 2460 944 2512 monti:
963 2477 1114 2512 concurrere

66 2539 140 2611 quod
160 2541 257 2606 mulier
277 2553 365 2595 castra
386 2543 564 2614 sequebatur,
609 2546 752 2609 montibus,
774 2553 821 2594 etc.
843 2543 905 2592 Ilaec
929 2538 1037 2610 quidem
1057 2559 1112 2592 nou

66 2617 140 2691 quod
152 2621 180 2672 iu
191 2623 293 2693 1090011
309 2621 475 2693 turpitudine
492 2623 566 2694 apud
609 2637 664 2676 tarn
676 2622 829 2696 Hyper-bola
839 2622 946 2692 poetica
958 2633 1012 2687 eat,
1031 2637 1111 2691 90000

65 2701 566 2768 majoreaiuit:undehellaturuel’om·
610 2721 643 2754 ex
658 2701 773 2753 historia
789 2701 865 2754 locus
882 2711 1011 2770 sumptus.
1031 2697 1113 2770 Apud

65 2781 178 2852 peiurio
190 2781 277 2834 Lesbo
290 2782 565 2853 aliquantorum&
609 2781 718 2834 Florum
736 2781 897 2851 animisque
918 2779 952 2833 de
970 2779 1111 2832 navalibus

101 2859 162 2929 690.
178 2860 333 2913 0000010000
345 2863 419 2914 rumis
431 2863 566 2935 rostrisque
609 2863 735 2913 Antonii:
752 2861 826 2913 used
834 2877 974 2920 numerum
981 2862 1111 2932 maguitu-

66 2939 215 2993 tridents'ltur
222 2957 318 3014 equor.
336 2943 366 2994 10
376 2943 494 3013 antiquis
505 2961 567 2994 cou-
610 2941 646 2994 do
656 2941 803 3012 pausabat,
816 2941 916 3011 quippe
925 2941 1055 2992 00001010
1063 2955 1113 2990 nu·

65 3017 174 3072 00101100.
182 3018 296 3086 arnul:
305 3018 443 3081 tumne,
456 3019 567 3074 0100010-
610 3041 693 3075 venos
704 3039 839 3074 remorum
848 3019 1003 3071 ordinibus:
1014 3019 1112 3075 adhuc

64 3117 115 3164 tu,
136 3098 260 3156 (lixarum
280 3101 395 3171 Appiam
419 3099 467 3152 lib.
489 3102 521 3168 V,
540 3113 567 3153 et
610 3102 834 3171 mrribus,atque
846 3097 974 3151 tabulatis
984 3097 1112 3165 allevate,

66 3179 198 3232 Plutardi.
216 3181 244 3232 iu
258 3182 314 3232 vita
328 3182 450 3234 Cicerou,
466 3180 496 3232 id
511 3195 565 3246 ert,
611 3181 783 3234 castellorum
795 3179 935 3232 sturbium
943 3181 1046 3249 specie,
1056 3199 1111 3232 uon

69 3259 170 3312 «nanu
189 3261 421 3314 convulsionem·
444 3259 566 3314 Coarelli
611 3264 668 3314 0100
680 3263 781 3333 gemitu
794 3259 887 3324 maris,
905 3271 932 3310 et
941 3259 1036 3310 labore
1048 3277 1112 3311 ven-

68 3355 140 3392 mare
151 3339 249 3394 dieitur
261 3359 322 3394 0000
334 3342 564 3410 000018000οο,
611 3354 700 3392 torum
719 3340 894 3392 ferebantur:
922 3357 980 3409 quae
1002 3337 1112 3409 quidem

69 3431 95 3470 et
105 3417 252 3486 divellitur,
264 3423 318 3474 sire
328 3421 452 3474 ducu'bus
462 3423 490 3472 iu
501 3433 568 3474 ten·
610 3423 670 3493 ipsa
682 3419 765 3472 moles
776 3421 858 3472 exitio
870 3421 929 3470 fuit.
938 3443 951 3468 0
966 3419 1035 3470 Pier.

68 3510 185 3569 pestate,
202 3501 257 3552 aire
271 3501 349 3552 renis
365 3502 393 3552 in
406 3519 567 3572 quacunque
645 3499 707 3570 696.
724 3500 814 3551 Patrio
827 3510 902 3550 uocat
911 3499 1018 3571 09000100
1031 3499 1113 3558 u'ttro.

68 3580 249 3650 navigatione:
267 3593 401 3651 praeeunte
415 3581 461 3634 hic
479 3583 567 3655 virgi.
611 3577 754 3650 Cleopatra
767 3579 819 3632 sibi
835 3592 939 3631 tantum
954 3578 1113 3652 adsumpse-

69 3659 119 3724 lio,
130 3660 175 3731 qui
184 3659 337 3712 rotumam
345 3678 447 3733 aequor,
457 3664 485 3713 in
495 3681 568 3718 sum-
612 3671 667 3724 ret,
678 3670 707 3709 ut
718 3677 745 3710 00
753 3659 806 3710 lein
816 3658 896 3710 vellet
903 3657 995 3710 uideri.
1007 3659 1055 3712 Isis
1066 3679 1111 3712 au·

70 3757 114 3792 ma
131 3739 344 3810 tranquillitate:
372 3759 436 3792 uam
458 3757 568 3795 auctare
613 3751 666 3797 teu:
678 3741 817 3812 0009001100
825 3737 943 3810 6199901,
956 3741 1003 3810 901
1011 3743 1113 3811 persis·

70 3818 135 3872 Plut.
155 3820 183 3870 iu
201 3820 257 3870 rita
276 3819 375 3874 Aetam
396 3819 441 3872 bic
460 3826 569 3875 uarium
613 3821 775 3888 uinctum,
792 3818 946 3891 9001190011
962 3821 990 3872 in
1005 3816 1109 3886 dextra,

70 3896 308 3956 0001110000ἱοοω
324 3898 427 3964 00090100
438 3899 478 3952 ul
493 3899 569 3968 panai-
613 3899 668 3951 Nili
687 3917 809 3953 000000ιο
825 3915 997 3971 recessusque
1011 3899 1112 3972 siguifi-

7 4009 8 4036 1
71 3973 368 4042 incantamenta.
382 3979 469 4031 Cerdo.
614 3992 672 4032 cat:
691 3999 741 4051 par
757 3979 885 4044 sitellam,
906 3997 988 4050 90000
1005 3981 1130 4035 sinistra'
