2646 4606
237 292 301 372 sss
567 285 950 352 conuentum

235 428 294 489 est,
305 412 410 494 opima
420 406 519 490 spolia
524 451 534 480 ,
544 405 695 488 adjunget
703 419 732 467 et
742 408 907 489 suspendet
915 413 948 469 in
959 409 1095 493 templo,
1105 413 1164 473 nbi
1172 416 1282 478 Romu-

234 504 297 575 lus,
309 512 392 582 pater
403 498 541 578 Quirinus
553 494 630 555 olim
643 495 844 578 suspenderat
854 517 953 571 mmo,
966 500 1076 578 opima
1088 502 1208 582 spolia,
1220 524 1281 585 quae

233 593 343 672 primus
354 598 480 668 ceperat,
496 587 615 644 Acrone
629 584 853 646 Cenineusium
865 587 946 667 Rege
958 588 1075 648 occiso:
1088 591 1198 671 itaque
1206 595 1281 652 Mar·
1313 587 1314 608 ³

233 677 346 752 collus,
366 677 399 734 in
419 673 576 734 honorem·
591 674 736 748 Romuli,
757 687 787 734 et
807 695 880 737 eum
899 690 1058 736 auctorem
1079 694 1222 754 secunus,
1242 681 1282 740 illi

130 795 133 800 ·
233 775 438 824 monumenta
461 757 508 822 sui
535 759 689 843 triumphi
714 760 861 842 appendit.
886 761 991 840 (Vide
1016 776 1108 832 notas
1136 765 1202 826 vol.
1226 767 1282 842 111,

234 876 305 936 pag.
331 853 422 928 208.)
593 849 595 859 ’

273 943 343 1004 860.
359 944 432 1002 Post
448 939 615 1000 Claudium
629 938 830 1015 Marcellum,
846 939 925 998 vidit
938 939 1020 1002 forte
1034 943 1147 1004 AEneas
1161 946 1282 1004 Marcel·

232 1034 300 1094 lum
312 1033 426 1105 alium,
437 1032 587 1102 Octaviae,
601 1032 716 1090 sororis
728 1031 876 1112 Augusti,
888 1029 1004 1106 filium,
1018 1033 1072 1113 qui
1084 1035 1182 1094 etiam
1191 1034 1282 1094 dictus
1313 1037 1314 1066 r

233 1121 381 1184 Claudius
401 1119 581 1192 Marcellus;
603 1133 669 1178 erat
688 1117 739 1179 hic
756 1117 881 1200 juvenis
901 1122 1025 1200 egregia
1048 1121 1172 1199 forma,
1197 1126 1281 1182 armis

234 1211 375 1291 apprime
396 1203 657 1288 splendentibus:
681 1205 733 1266 sed
752 1210 802 1268 cui
820 1206 909 1266 frons
930 1227 1044 1288 parum
1065 1207 1155 1283 laeta3
1178 1232 1282 1291 parum

233 1301 296 1362 laeti
311 1298 393 1360 oculi
408 1299 440 1356 iu
455 1295 572 1376 dejecto
588 1295 687 1356 vultu.
702 1295 837 1356 Miratur
852 1297 961 1356 AEneas
978 1295 1054 1358 hinc
1067 1297 1230 1378 fulgorem
1242 1298 1284 1380 ju·

233 1389 338 1461 venis;
356 1384 429 1444 inde
444 1385 642 1458 moestitiam3
661 1396 812 1464 rogatque
830 1397 968 1464 patrem,
983 1373 1055 1465 quis
1071 1384 1125 1444 ille
1143 1401 1189 1446 est
1203 1385 1283 1466 juve·

235 1480 295 1552 nis,
305 1478 360 1557 qui
369 1477 536 1535 comitetur
546 1475 647 1534 virum
656 1485 791 1548 euntem,
802 1473 833 1532 id
844 1487 898 1548 est,
909 1473 1077 1534 Claudium
1088 1477 1286 1536 Marcellum?

235 1568 290 1626 Est
302 1587 341 1626 ne
352 1563 416 1644 ejus
429 1560 531 1622 filius?
543 1582 583 1620 an
596 1583 727 1642 magnus
739 1559 852 1642 aliquis
865 1574 1048 1622 nostrorum
1060 1577 1217 1644 nepotum
1227 1564 1238 1624 l
1248 1567 1284 1624 ita

234 1678 307 1718 vero
319 1653 379 1714 hoc
391 1667 479 1732 rogat
489 1653 614 1727 AEneas,
627 1655 714 1734 quasi
724 1651 788 1732 jam
802 1650 921 1712 illectus
933 1651 1036 1712 forma
1044 1650 1189 1732 juvenis,
1200 1677 1283 1736 exop-

236 1759 279 1806 tet
301 1743 391 1804 illum
415 1741 483 1802 fore
506 1755 652 1822 nepotem
674 1763 782 1816 suum,
806 1763 872 1802 non
896 1740 999 1802 filium
1020 1741 1157 1804 Claudii.
1186 1746 1285 1825 Pergit

235 1837 360 1894 AEneas:
373 1832 439 1910 quis
450 1830 529 1888 circa
539 1827 629 1888 illum
639 1831 782 1910 strepitus
793 1843 822 1889 et
833 1828 1004 1890 multitudo
1015 1831 1192 1891 comitum?
1200 1854 1286 1914 quau·

237 1937 298 1984 tum
310 1923 402 1980 instar
413 1921 445 1978 in
458 1921 519 1999 ipso
530 1915 589 1978 est?
604 1918 636 1978 id
649 1933 708 1978 est:
724 1939 817 2000 quarn
832 1940 945 2000 magna
958 1932 1019 1995 est,
1034 1941 1054 1980 o
1070 1934 1177 2002 poter,
1190 1922 1286 2003 digni·

235 2028 281 2074 tas
295 2008 390 2090 hujus
403 2005 546 2087 juvenis?
560 2028 631 2088 quae
645 2007 834 2071 similitudo!
850 2008 899 2070 sed
915 2031 971 2070 cur
985 2010 1027 2068 ita
1041 2011 1140 2070 tristis
1156 2013 1192 2071 in
1203 2026 1284 2070 tanto

236 2101 401 2184 splendore
414 2113 445 2158 et
458 2096 634 2164 ¹comitatu?
655 2119 711 2158 cur
728 2113 794 2158 arm
809 2118 869 2158 nox
882 2097 1109 2161 circumvolat?
1134 2100 1284 2182 numquid

237 2191 299 2253 illae
311 2184 400 2251 tristes
414 2185 522 2247 umbroe
536 2199 669 2245 mortem
686 2183 867 2268 praesentem
885 2187 1090 2246 ominamur?
1106 2189 1201 2248 Recte
1220 2209 1283 2247 vero

235 2291 328 2366 poeta
344 2275 525 2337 Marcellum
541 2278 633 2334 istum
652 2277 798 2348 innectit,
819 2276 971 2355 superiori
989 2275 1109 2336 faciens
1124 2281 1284 2352 comitem

235 2386 310 2429 nam
321 2359 465 2424 Marcelli
470 2367 582 2434 somnes
600 2363 637 2422 ab
654 2361 710 2423 illo
728 2361 860 2421 Claudio
874 2363 1029 2442 originem
1042 2385 1074 2422 se
1090 2364 1209 2426 ducere
1224 2367 1282 2447 glo

235 2452 413 2516 riabantur:
432 2449 483 2509 sed
500 2453 668 2531 praesertitn
687 2451 851 2531 quaesitum
875 2463 920 2508 est
940 2447 991 2508 hic
1012 2449 1213 2536 lenocinium
1233 2457 1284 2513 Au·

236 2543 315 2628 gusti
326 2565 334 2614 3
346 2540 400 2622 qui
413 2549 564 2620 quantum
578 2537 762 2599 Marcellum
774 2536 857 2598 hunc
870 2539 1027 2617 dilexerit,
1042 2544 1115 2600 satis
1128 2545 1254 2602 notum.

234 2729 349 2784 multum
366 2723 502 2790 Italicum,
520 2725 594 2796 quod
612 2739 670 2778 erat
688 2726 724 2778 do
781 2741 919 2782 sexcentos
933 2729 1019 2788 lectos
1034 2730 1139 2782 intrare
1155 2732 1284 2780 civitatem

235 2805 737 2878 mesticuutumultumGallicum‚quod
778 2811 881 2876 jussit:
903 2809 956 2860 hoo
978 2811 1049 2860 enim
1075 2809 1153 2879 apud
1176 2811 1284 2878 majores

236 2885 737 2956 eratltaliaefinitimus‚pratereanul·
781 2886 928 2956 gloriosum
944 2888 1055 2940 fuerat:
1074 2890 1161 2940 etiam
1175 2888 1283 2942 dabatur

235 2972 290 3024 lum
303 2967 445 3028 tumultum
458 2966 642 3018 nominabant.
655 2990 665 3012 ιι
682 2969 708 3020 C.
782 2985 832 3036 pro
845 2965 974 3036 qualitate
989 2967 1122 3018 fortunae:
1142 2987 1208 3020 nam
1222 2967 1283 3040 Sylla

271 3051 333 3104 86².
345 3045 487 3119 Eqreqium
495 3045 588 3114 forma
597 3047 736 3116 juvenem,
782 3064 828 3098 sex
844 3046 929 3098 millia
944 3046 1050 3100 habuit.
1070 3049 1158 3119 Igitur
1174 3069 1237 3102 cum
1251 3051 1284 3099 in·

234 3124 526 3203 etfulpentibusarmis.
544 3125 608 3177 Tria
622 3137 736 3178 sumse-
780 3127 853 3196 genti
865 3143 962 3196 pompa
974 3126 1092 3191 relatus,
1111 3141 1139 3179 et
1152 3130 1283 3198 incampo

236 3201 735 3272 cundumssarminium;pulchritudo,
780 3205 877 3258 Martio
890 3217 929 3256 est
942 3204 1160 3278 sepultus.Ergo
1171 3208 1283 3258 modoin
1313 3221 1314 3262 ζ

169 3285 175 3292 “
236 3304 313 3357 retas,
322 3290 419 3340 virtus:
431 3281 562 3354 signifieat
570 3295 658 3334 autem
666 3284 736 3344 Mars
780 3287 895 3355 Augusti
901 3284 1103 3351 adulationem,
1114 3290 1195 3357 quasi
1206 3290 1283 3358 epita·

236 3370 332 3424 cellum
340 3366 424 3421 filium
432 3363 563 3426 Octaviae,
574 3364 673 3414 sororis
683 3365 735 3418 Aur
781 3365 867 3434 phion
884 3366 910 3418 ei
926 3364 1009 3418 dicit:
1028 3377 1055 3416 et
1075 3379 1200 3434 constat,
1220 3367 1283 3418 hunc

236 3434 320 3520 gusti,
340 3463 420 3516 quem
433 3443 485 3497 sibi
500 3443 635 3512 Augustus
651 3444 737 3514 adopr
781 3444 879 3498 librum
895 3456 971 3499 tanta
988 3447 1219 3516 pronuntiatione
1237 3449 1282 3498 Au·

236 3530 310 3580 tavit.
321 3527 370 3576 llio
383 3519 487 3576 decimo
499 3534 575 3585 septo
588 3541 659 3574 anno
669 3525 736 3583 iuoi·
780 3525 1018 3594 quttoetOctaviae
1029 3541 1089 3576 esse
1099 3527 1283 3592 recitatum‚ut

236 3608 276 3658 dit
285 3609 313 3656 in
324 3602 517 3668 valetudinem
533 3614 560 3654 et
571 3605 651 3672 periit
663 3603 735 3662 deci·
778 3602 843 3658 fletu
857 3605 940 3654 nimio
955 3603 1125 3674 imperarent
1139 3605 1282 3662 silentium
1313 3623 1314 3678 l

236 3702 280 3736 mo
293 3696 387 3734 octavo
401 3685 429 3734 in
441 3683 540 3734 Baiano
555 3701 637 3752 quum
652 3683 735 3740 aeclili÷
780 3685 832 3734 nisi
851 3681 978 3753 Virgilius
990 3681 1072 3736 linem
1087 3701 1149 3736 esse
1168 3685 1283 3746 dixisset,
1313 3681 1314 3744 l

235 3761 735 3832 tatemgereretflujusmortemvelte-
779 3763 888 3832 quipro
899 3760 953 3812 hoc
961 3779 1012 3814 aere
1021 3765 1100 3832 graui
1108 3762 1231 3817 donatus
1239 3775 1282 3826 est,
1313 3753 1314 3796 l

235 3853 338 3894 menter
352 3841 448 3902 ⁴civitas
463 3838 564 3902 doluit:
579 3859 641 3892 nam
656 3855 682 3892 et
695 3843 734 3892 af·
777 3843 880 3906 idean,
893 3843 1007 3900 massis:
1027 3860 1094 3896 nam
1106 3845 1147 3896 sic
1160 3859 1190 3896 et
1201 3846 1282 3896 Lirim

236 3917 325 3972 fabilis
343 3919 408 3979 fuit,
427 3931 453 3968 et
471 3921 583 3988 dragusti
599 3919 668 3972 lilius
678 3939 691 3982 :3
700 3920 734 3975 ad
779 3933 915 3994 &pontum
922 3917 1003 3993 prove
1014 3921 1096 3988 dicit,
1110 3923 1209 3992 idest,
1222 3941 1282 3980 mae

236 3999 338 4052 funeris
354 3995 433 4062 hujus
450 3995 580 4058 honorem
598 4002 733 4070 Augustus
779 3989 832 4056 sar,
842 4001 911 4055 Serv.
