2692 4594
348 285 400 348 IN
425 281 661 348 AENEIDOS
683 283 777 348 ΜΒ.
802 283 866 349 tv.
1040 305 1130 372 mg

76 406 187 468 absens
200 407 347 469 absentem
361 407 498 489 auditque
512 407 657 489 videtque:
671 409 713 467 ita
727 406 872 467 videlicet
882 405 975 466 verba
985 414 1015 466 et
1027 408 1132 468 vultus

78 495 187 554 AEneae
209 493 337 555 auribus
360 507 389 554 et
409 493 506 554 oeulis
525 495 650 574 Reginae
670 493 839 571 haeserant,
855 505 891 554 ut
909 490 1017 554 absens
1034 515 1133 574 quum

74 595 175 661 esset,
191 597 314 666 putaret
326 585 417 644 illum
429 605 460 643 se
473 583 597 659 audire,
608 597 640 644 et
654 583 767 644 videre.
1121 641 1124 648 .

121 673 172 750 84.
197 677 323 734 Detinet
344 675 527 748 Ascanium,
549 689 701 734 nontam
722 687 813 755 capta
834 673 956 734 Ascanii
979 674 1131 755 imagine,

75 781 179 842 quam
192 763 305 842 patris3
320 763 437 843 quippe
448 758 541 841 hujus
553 759 606 819 ille
616 761 738 840 imago:
755 760 808 820 sed
820 781 874 820 cur
886 760 1024 820 detinet?
1036 763 1060 820 si
1068 781 1133 840 pos-

75 853 116 910 sit
129 871 261 910 amorem
269 849 378 934 fallere
393 849 565 932 infandum
579 852 605 908 si
614 860 750 909 mentem
762 869 850 909 suam
862 851 982 932 explere
992 848 1050 908 filii
1060 869 1133 909 oon·

73 951 189 1020 spectu
208 943 319 1022 possit,
339 954 368 1000 et
387 937 445 1000 hac
463 961 534 1000 cara
552 941 688 1020 imagine
706 954 857 1020 magnum
874 940 975 1000 AEneae
995 959 1133 1006 amorem

74 1029 224 1106 eludere,
238 1033 362 1106 satiare,
378 1033 582 1112 exstinguere.
1034 1085 1036 1092 Α

120 1119 172 1177 86.
188 1117 305 1178 Effecta
323 1121 439 1178 amoris
459 1131 614 1200 quatuor:
633 1120 789 1200 primum,
808 1125 907 1180 turres
924 1130 1033 1198 coepte
1051 1117 1134 1176 intre

74 1204 195 1264 urbem
215 1205 254 1265 ad
273 1209 438 1266 munimen
453 1207 548 1282 arcis,
564 1226 630 1266 non
645 1204 711 1286 jam
726 1217 909 1286 assurgunt:
925 1205 1073 1277 alterum,
1082 1201 1134 1282 ju·

74 1303 193 1351 ventus
207 1313 273 1352 non
286 1307 403 1354 exercet
415 1315 516 1368 arma,
530 1306 566 1354 ut
581 1289 719 1354 solebat:
735 1294 876 1370 tertium,
890 1303 1016 1373 pnrtus,
1029 1303 1059 1350 et
1068 1291 1135 1350 reli·

72 1401 144 1462 qua
162 1383 320 1442 maritima
335 1383 571 1465 propugnacula
585 1385 855 1444 intermittuntur:
876 1393 1039 1462 quartum,
1061 1377 1133 1439 reli-

75 1491 144 1550 qua
159 1492 269 1553 opera,
284 1493 353 1554 quae
371 1473 410 1533 ad
427 1494 533 1534 muros
547 1473 681 1548 fiebant,
702 1483 737 1532 ut
754 1471 864 1553 minaef,
878 1483 908 1530 et
922 1482 989 1530 tota
1006 1469 1134 1530 demunt

75 1558 243 1634 machina,
258 1560 408 1640 pendent,
423 1563 767 1642 interrumpunturque.

117 1669 170 1728 9o.
184 1649 247 1707 Ubi
258 1651 343 1709 Juno
354 1649 505 1710 intellexit
515 1649 674 1710 Didonem
686 1649 742 1708 tali
754 1667 876 1708 veneno
890 1645 1044 1726 imbutam
1056 1666 1133 1722 esse,

75 1749 114 1797 ut
130 1737 266 1812 famam,
285 1738 372 1820 quod
386 1740 515 1800 unicum
529 1738 714 1800 mulieribus
731 1738 882 1812 fraenum,
902 1734 984 1796 nihil
996 1747 1134 1813 curaret,

75 1847 144 1907 quo
169 1828 274 1886 minus
296 1829 395 1888 amori
413 1849 485 1902 suo,
508 1831 616 1911 potius
626 1829 742 1914 fiteusi,
761 1827 952 1907 indulgerem
969 1825 1135 1907 aggreditur

72 1912 226 1990 (verbum
239 1927 283 1975 est
292 1915 440 1991 militare,
454 1937 517 1998 quo
529 1915 673 1976 habitum
685 1916 840 1996 sequentia
854 1913 1005 1982 orationis
1017 1911 1132 1972 intelli·-

76 2026 148 2085 gas,
160 2026 231 2085 quae
242 2018 309 2065 tota
322 2005 361 2065 ad
372 2007 558 2087 perniciem)
571 2008 735 2072 Venerem.
748 2003 827 2068 Vide
839 2023 912 2063 vero
926 2022 1030 2062 versus
1039 1999 1132 2082 hujus

75 2093 204 2169 ilatum,
219 2108 250 2154 et
261 2116 410 2177 pompam
425 2087 668 2160 convenientem,
678 2096 818 2154 Deorum
829 2093 959 2171 reginae,
974 2111 1044 2171 quae
1052 2093 1133 2150 Jovs's

76 2180 201 2265 conjux,
213 2195 243 2242 et
253 2204 321 2264 quae
330 2185 488 2258 Saturnia3
503 2183 699 2265 nequeenim
711 2180 826 2240 frustra
836 2177 897 2238 hoc
908 2189 1014 2258 poeta,
1026 2177 1085 2235 nisi
1097 2189 1133 2238 ut

75 2269 265 2350 dignitatern
283 2271 376 2336 addat
391 2268 633 2351 superbiamque
642 2267 758 2334 dicenti
769 2265 804 2326 in
816 2267 970 2332 Venerem
979 2260 1068 2328 nullo
1078 2260 1131 2324 hic
1166 2287 1169 2296 ¹

75 2357 231 2416 attributo
246 2355 507 2424 commendatam,
620 2354 623 2362 ’

111 2489 154 2543 86.
167 2493 231 2544 Non
241 2503 329 2564 eoeptte
339 2491 483 2566 adsurgunt
492 2503 579 2546 tunes.
625 2492 771 2564 perlectis,
798 2485 856 2560 ¹quse
881 2487 987 2538 ruinam
1007 2482 1130 2535 videntur

76 2567 181 2621 Contra
188 2570 270 2636 illud,
284 2573 366 2624 «Pars
373 2571 471 2626 ducere
477 2590 580 2625 muros:
626 2573 738 2636 minari,
753 2582 799 2623 aut
808 2579 879 2620 certe
889 2569 948 2637 ipso
959 2575 1068 2634 aspectu
1078 2577 1130 2614 ter·

77 2667 109 2702 ex
128 2651 256 2702 omnibns
275 2654 353 2704 malis
370 2671 428 2724 quae
450 2653 581 2706 violentus
627 2666 695 2704 rent.
728 2653 827 2702 Juvant
855 2648 1037 2714 conjecturam
1065 2642 1128 2706 hic,

79 2747 157 2780 emor
166 2732 265 2802 giguit,
277 2749 367 2784 rerum
379 2734 499 2784 omnium
514 2733 583 2784 obli·
613 2743 705 2801 'opera
719 2728 878 2799 imperfecta.

75 2809 185 2860 sionem
194 2809 311 2862 inducit:
322 2810 416 2862 eadem
425 2809 582 2876 enimDido,
665 2810 707 2877 89.
720 2805 855 2858 Machina⁴
873 2803 989 2874 Hepnius
1001 2817 1051 2870 pro
1064 2797 1129 2854 aedi.

75 2904 136 2957 quse
153 2887 274 2940 instabat
290 2891 366 2960 operi
382 2891 525 2960 regnisque
540 2889 583 2941 fu.
628 2883 698 2938 ficiis‘
714 2885 780 2956 ipsis
804 2882 898 2944 sumit;
922 2898 971 2958 ego
992 2895 1056 2936 vero
1077 2895 1128 2948 pro

74 2969 239 3032 turis,nunc
247 2969 491 3028 omniaomittit:et
499 2987 582 3039 quum
627 2955 1128 3032 machinis,illis,quaeadsubvehendos

74 3050 210 3112 omiserit,
223 3051 295 3121 Tyrii
306 3068 430 3120 quoque,
443 3051 489 3120 qui
499 3051 581 3110 insta-
626 3045 749 3117 lapides,
780 3039 1005 3167 attollendamtgue
1031 3035 1129 3086 molem

74 3127 141 3180 bant
155 3127 296 3193 ardentes,
314 3131 405 3184 omnia
417 3147 489 3180 nunc
505 3129 580 3181 dese·
626 3124 730 3178 aedilicii
747 3125 903 3196 eriguntur:
921 3117 969 3169 Gal
979 3118 1037 3180 loe,
1054 3113 1130 3165 delta·

74 3221 154 3259 runt:
180 3207 253 3260 unde
275 3207 425 3260 ostenditur
444 3209 524 3282 Regis
546 3207 582 3260 ad
621 3203 717 3278 sends,
729 3220 818 3276 grues,
835 3213 886 3259 eto.

75 3285 228 3357 exemplum
238 3289 365 3359 componi
378 3301 465 3339 totum
478 3287 578 3340 orbern.
624 3281 627 3286 ’
661 3304 703 3357 9²·
718 3283 823 3335 Talibus
832 3275 987 3366 adgreditur.
1002 3274 1060 3365 .H⁰⁰
1072 3290 1128 3324 ver·

110 3368 154 3420 88.
175 3367 260 3420 Minu
271 3387 415 3420 murorum.
436 3367 581 3421 Contendit
624 3363 661 3416 bo
670 3363 778 3415 habitus
790 3363 886 3412 iuturae
896 3366 1026 3406 orationis
1039 3365 1127 3405 osten-

72 3445 218 3498 'l‘nrnebus
230 3448 315 3500 minas
325 3449 418 3499 vocari
434 3461 524 3518 partes
537 3446 578 3498 al·
625 3443 710 3494 ditur:
723 3439 796 3511 quod
806 3437 911 3490 Servius
919 3431 1076 3486 etDonatus
1086 3433 1128 3483 in·

72 3527 191 3578 tissimus
204 3544 356 3592 murorum,
375 3529 473 3599 pinnas
488 3528 578 3578 lenes·
623 3533 818 3592 terpretantur5
834 3534 919 3570 scum
931 3512 1065 3566 invidiosa
1075 3512 1129 3567 cal·

73 3618 176 3670 tratas,
188 3604 261 3657 unde
271 3617 486 3676 propugnatores
495 3604 580 3658 hosti·
623 3600 730 3660 liditate
738 3599 858 3670 loquitur
871 3618 882 3642 e
899 3595 1004 3650 Terent.
1018 3591 1127 3649 Phorm.

72 3684 123 3737 bus
140 3684 295 3736 minantur:
319 3685 493 3748 Hortensius,
516 3685 580 3754 quia
628 3679 716 3730 uSatis
728 3689 812 3729 astute
823 3671 1007 3747 aggredimini.
1019 3694 1029 3718 n
1042 3671 1081 3722 Ita
1089 3688 1126 3722 vs.

72 3776 172 3835 partes.
184 3763 236 3814 illae
255 3763 368 3816 maxime
384 3762 506 3812 eminent.
527 3761 579 3814 Sed
628 3777 684 3828 107.
701 3757 767 3809 «sic
781 3767 876 3808 contra
888 3764 928 3804 est
942 3753 1062 3822 ingressa
1075 3752 1129 3802 Ve-

73 3845 200 3910 euspicor
209 3842 294 3895 minas
305 3841 376 3906 dici,
388 3839 489 3892 nonde
497 3844 579 3895 muris
624 3856 676 3891 nus
689 3861 700 3884 n
713 3859 718 3887 :
732 3835 826 3899 idest,
840 3833 918 3884 dolos
929 3830 998 3883 dolie
1009 3829 1126 3888 eludens.

73 3921 255 3988 tantum,sed
265 3923 345 3974 etiam
352 3919 387 3973 de
398 3921 459 3973 altis
471 3921 580 3991 quihus·
625 3915 711 3974 Graeet
728 3911 886 3982 tasiipgsotas
905 3909 1007 3965 dicunt.
1027 3911 1127 3970 Porro,

74 4001 142 4057 libet
160 4003 263 4064 acerris
280 4019 312 4055 ec
328 3999 444 4056 molibus
455 3999 581 4056 'nondum
627 3999 650 4052 si
662 3996 778 4050 aulicum
790 4005 830 4048 est
840 4004 866 4046 et
881 3990 1037 4064 politicum,
1053 3984 1127 4044 aliud
