2670 4596
250 279 290 343 32
573 272 952 342 COMMENTARIA

249 401 345 460 mittit
367 396 471 458 oculos
496 397 530 454 in
555 397 683 478 pelagus
712 419 807 478 quam
834 396 896 457 late
921 409 1047 480 potest:
1071 401 1122 464 hic
1147 409 1278 487 ἐναλλαγήν

248 509 399 568 agnosco,
412 507 469 568 pro
483 487 560 566 petit
571 485 699 567 pelagus
712 501 878 568 prospectu
890 510 956 548 suo.
974 492 1037 566 Qui
1052 513 1124 552 vero
1138 495 1203 574 ejus
1215 500 1279 556 ani-

247 576 336 636 mus?
347 590 381 635 ut
393 589 458 634 erat
469 577 585 655 pietate
598 576 749 650 imbutus,
762 575 841 634 nihil
851 575 889 634 de
899 575 972 638 cibo
982 593 1082 654 curat3
1093 583 1145 642 sed
1156 585 1279 666 pelagus

245 667 373 740 lustrat,
392 667 417 724 si
434 665 533 744 possit
547 663 652 724 videre
667 686 738 724 suos
755 679 936 746 tempestate
952 665 1095 747 jactatos.
1116 673 1280 732 Considera

246 773 351 816 tecum
364 751 539 836 principem
552 754 654 811 virum
668 753 706 811 ab
717 752 821 828 AEolo,
835 767 865 812 et
878 755 1002 815 Junone
1020 761 1221 838 exagitatum,
1235 763 1279 819 vi·

245 845 330 905 ribus
347 840 546 920 languidum3
563 843 617 920 qui
634 839 714 899 nihil
736 855 841 901 tamen
857 842 1005 922 loquatur
1022 860 1128 905 eontra
1146 847 1280 924 AEolum,

244 932 325 993 nihil
338 952 393 1012 per
407 927 598 988 iracundiam
612 942 718 988 contra
733 932 905 1006 Junonem;
917 931 999 991 nihil
1011 933 1048 993 de
1060 955 1091 993 se
1103 951 1205 1011 curet,
1216 950 1280 998 tan·

244 1034 311 1080 tum
327 1017 366 1078 dc
381 1019 444 1076 suis
458 1019 498 1075 sit
512 1014 680 1091 sollicitus3
698 1032 728 1076 et
743 1017 862 1078 videbis
877 1034 1002 1094 poetam
1014 1019 1097 1082 hunc
1109 1025 1281 1084 eminentis·

244 1111 321 1168 sime
337 1107 432 1166 fuisse
445 1104 641 1186 complexum
657 1126 765 1165 curam
780 1105 1031 1188 patrisfamiliam
1050 1110 1088 1169 ad
1103 1109 1184 1171 hanc
1198 1115 1278 1173 enim

243 1218 310 1258 rem
323 1198 504 1276 interpretes
517 1193 761 1254 sollicitudinem
773 1198 866 1254 iatam
879 1196 1031 1257 derivant.

286 1281 349 1358 184.
364 1285 482 1358 Pietas,
504 1297 535 1342 et
550 1281 639 1342 labor
655 1285 689 1342 in
706 1282 879 1363 quaerendis
896 1285 988 1342 sociis
1004 1283 1058 1344 dat
1075 1288 1178 1346 AEneae
1194 1308 1280 1349 occa-

243 1378 361 1434 sionem
374 1373 561 1446 venationis‚
574 1393 637 1431 non
648 1373 809 1431 curiositas
820 1385 851 1430 et
864 1373 980 1443 otium,
993 1384 1027 1430 ut
1038 1371 1150 1452 Ulyssi.
1162 1376 1281 1458 Itaque,

242 1485 340 1546 quum
358 1481 470 1542 parem
488 1460 609 1519 nullam
627 1460 752 1521 vidisset
772 1462 804 1518 in
823 1457 951 1541 pelago,
972 1461 1005 1520 in
1026 1461 1093 1541 ipso
1112 1460 1203 1523 litore
1223 1478 1280 1525 tres

241 1549 321 1610 vidit
339 1569 458 1622 cervos,
477 1568 555 1628 quos
574 1568 591 1606 a
606 1561 692 1628 tergo
712 1548 832 1627 reliqua
848 1567 1009 1607 cervorum
1026 1563 1166 1609 armenta
1184 1550 1279 1632 longo

176 1657 178 1668 ⁴
243 1641 367 1720 agmine
382 1638 607 1720 sequebantur:
624 1639 740 1718 optime
754 1658 859 1718 aqmen
871 1636 909 1696 de
923 1640 1038 1713 cervis,
1050 1657 1124 1696 narn
1139 1641 1162 1697 ii
1176 1661 1281 1721 grega-

241 1731 298 1788 tim
310 1717 499 1810 pascuntur:
518 1726 636 1806 optime
652 1727 725 1784 item
743 1722 876 1806 longum,
892 1746 966 1784 narn
981 1726 1126 1785 errabant
1138 1738 1168 1784 et
1179 1747 1281 1806 pasce·

242 1815 371 1890 bantur3
382 1817 487 1895 itaque
495 1813 650 1873 indicatur
658 1810 845 1892 significatio
854 1811 1073 1872 incedentium.
1081 1815 1159 1874 Nam
1169 1834 1282 1894 agmen

242 1919 289 1965 est
301 1905 466 1977 exercitae,
485 1921 549 1960 non
561 1920 624 1958 uno
638 1901 671 1956 in
682 1899 751 1958 loco
764 1913 863 1974 stans,
880 1902 934 1960 sed
946 1898 1109 1960 ambulans
1123 1902 1281 1963 incedens·

241 2013 302 2076 que
315 1991 487 2052 ordinibus.

285 2083 348 2164 187.
366 2079 467 2140 Verbo
483 2078 608 2137 constitit
621 2075 695 2135 satis
712 2075 843 2149 indicat,
860 2076 997 2158 praedam
1012 2076 1099 2137 illam
1116 2075 1210 2140 fuisse
1224 2079 1279 2138 ob-

237 2171 351 2255 jectam
365 2182 476 2249 praeter
486 2187 588 2247 spem:
604 2167 709 2224 statim
723 2168 858 2246 corripuit
871 2187 972 2226 arcum
985 2187 1092 2242 manu,·
1105 2165 1166 2226 hoc
1180 2166 1280 2228 verbo

240 2261 344 2320 innuit
355 2258 491 2316 studium
504 2253 681 2328 celeritatis3
696 2255 815 2314 sedeur
828 2257 954 2336 sagittas
969 2269 1059 2316 vocat
1072 2253 1194 2316 celeres?
1206 2260 1282 2338 quia

239 2349 343 2407 statim
356 2344 458 2402 voluit
477 2341 613 2418 mittere,
636 2343 831 2424 experirique
848 2364 955 2403 earum
971 2343 1168 2404 celeritatem.
1189 2345 1282 2407 Unde

239 2429 406 2511 corripuit?
423 2428 462 2486 ab
477 2427 605 2503 Achate,
628 2431 682 2509 qui
702 2444 738 2488 ut
747 2429 830 2510 fidus
846 2431 962 2511 gerebat
982 2430 1046 2491 tela.
1067 2431 1203 2490 Prudens
1225 2431 1281 2494 hic

237 2522 342 2592 Mar03
360 2521 435 2598 quia
450 2519 557 2576 AEneas
574 2519 599 2577 it
614 2516 730 2600 absque
745 2539 903 2579 armorum
917 2521 1077 2601 praesidio,
1097 2521 1213 2580 dantur
1224 2522 1284 2583 illa

237 2609 302 2669 fido
318 2625 348 2668 et
363 2609 650 2683 observantissimo‚
663 2622 700 2666 ut
711 2609 785 2667 sciat
797 2610 958 2690 princeps,
971 2629 1068 2689 quum
1081 2621 1124 2668 est
1136 2611 1283 2688 inermis,

237 2702 286 2760 cui
304 2697 414 2758 debeat
427 2697 511 2756 latus
529 2717 620 2756 suum
635 2699 840 2757 committere.
858 2698 987 2774 Quoties
1005 2697 1183 2778 acciderunt
1196 2699 1281 2759 cala-

236 2791 355 2848 mitosae
366 2787 548 2867 principum
560 2785 657 2845 caedes
670 2798 798 2868 propter
809 2784 889 2845 hanc
901 2785 1136 2867 negligentiam!

280 2876 343 2953 189.
358 2873 482 2930 Dixerat
495 2887 667 2954 sequentum
686 2873 757 2933 ideo
772 2894 856 2933 nunc
871 2873 1014 2950 ductores,
1037 2874 1166 2954 quaesita
1180 2893 1282 2955 oppo-

236 2964 357 3023 sitione.
377 2961 443 3018 Hos
458 2960 501 3018 ita
515 2962 653 3040 primum
665 2964 766 3021 sternit
769 2963 896 3043 ferentes
909 2964 1005 3042 capita
1018 2957 1093 3033 alta,
1114 2972 1148 3018 ut
1162 2959 1281 3040 quibus

236 3063 338 3114 essent
349 3069 465 3110 cornua
477 3068 615 3123 ramosa,
628 3063 721 3128 atque
732 3050 828 3108 instar
837 3050 970 3121 arboris3
985 3051 1074 3127 quasi
1086 3047 1170 3108 dicat
1181 3053 1283 3131 capita

236 3143 298 3203 alta
318 3161 354 3199 ex
376 3137 524 3197 cornibus
546 3137 695 3197 arboreis.
716 3139 822 3196 Stratis
845 3137 1028 3196 ductoribus
1050 3149 1125 3210 tum,
1147 3135 1281 3216 deinde,

236 3235 334 3292 miscet
344 3225 478 3310 uulgum,
491 3240 520 3287 et
532 3225 644 3287 turbam
656 3247 787 3300 omnem,
800 3249 888 3308 opens
900 3225 986 3283 illam
1000 3222 1061 3285 telis
1073 3228 1147 3286 inter
1156 3249 1282 3290 nemora

229 3320 373 3406 frondea:
389 3319 464 3400 quia
477 3315 620 3376 videlicet
634 3315 804 3376 interfectis
820 3315 1017 3390 ductoribus,
1036 3335 1168 3395 agnosce
1182 3315 1281 3379 trala-

234 3531 264 3564 sa
277 3514 382 3582 pietatis
394 3514 550 3578 intervenit,
566 3525 595 3565 ut
608 3511 642 3564 ad
654 3531 730 3583 sepe·
773 3513 841 3563 suit:
854 3529 921 3583 saepe
934 3513 1004 3564 enim
1015 3509 1079 3562 dum
1090 3510 1212 3562 varietati
1225 3508 1279 3560 de-

233 3589 352 3642 liendum
366 3592 451 3640 socios
466 3591 600 3643 miscendo
613 3610 640 3644 se
653 3593 728 3662 operi
773 3592 922 3643 clinationis
937 3592 1045 3644 student
1056 3603 1154 3662 poetae,
1168 3600 1279 3639 mutant

234 3669 300 3722 alios
316 3667 453 3729 hortetur;
469 3671 546 3722 “Nec
563 3690 618 3722 non
632 3672 727 3722 AEneas
771 3674 978 3743 proprietatem
998 3689 1058 3722 narn
1069 3667 1213 3740 frondeum
1234 3679 1280 3718 est

235 3767 317 3819 opera
328 3749 396 3798 inter
408 3747 471 3798 talin
484 3751 586 3818 primus
601 3752 728 3803 Hortatur
772 3764 857 3802 totum
865 3751 898 3804 de
906 3752 1056 3811 frondibus,
1062 3760 1091 3798 ut
1099 3759 1182 3797 torus.
1191 3748 1280 3798 Fron-

233 3827 336 3892 socios‚
347 3825 509 3896 paribusque
524 3831 671 3901 accingitur
687 3849 729 3881 ar·
772 3832 846 3883 dorus
859 3851 923 3884 vero
940 3845 979 3884 est
994 3831 1083 3892 locus,
1097 3829 1143 3896 qui
1160 3825 1277 3880 frondes

232 3904 391 3958 mit-»Sent-
723 3965 726 3972 ,
771 3907 1122 3971 habet:licetenimlocus,
1139 3907 1279 3976 quifron·

270 3984 738 4062 191.Fr0ndeaprofroudosapo··
773 3990 819 4044 des
841 3989 940 4054 habet.
965 3985 1083 4040 abundet
1110 3985 1274 4047 frondibusr
