<?xml version="1.0" encoding="UTF-8"?>
<!DOCTYPE html PUBLIC "-//W3C//DTD XHTML 1.0 Transitional//EN"
    "http://www.w3.org/TR/xhtml1/DTD/xhtml1-transitional.dtd">
<html xmlns="http://www.w3.org/1999/xhtml" xml:lang="en" lang="en">
 <head>
  <title>
</title>
<meta http-equiv="Content-Type" content="text/html;charset=utf-8" />
  <meta name='ocr-system' content='tesseract 3.04.00' />
  <meta name='ocr-capabilities' content='ocr_page ocr_carea ocr_par ocr_line ocrx_word'/>
</head>
<body>
  <div class='ocr_page' id='page_1' title='image "./pvirgiliusmaroq02barbgoog_0557.png"; bbox 0 0 2644 4614; ppageno 0'>
   <div class='ocr_carea' id='block_1_1' title="bbox 290 321 1091 390">
    <p class='ocr_par' dir='ltr' id='par_1_1' title="bbox 290 321 1091 390">
     <span class='ocr_line' id='line_1_1' title="bbox 290 321 1091 390; baseline 0.002 -4"><span class='ocrx_word' id='word_1_1' title='bbox 290 324 341 386; x_wconf 86' lang='lat' dir='ltr'><strong>IN</strong></span> <span class='ocrx_word' id='word_1_2' title='bbox 365 321 601 387; x_wconf 83' lang='lat' dir='ltr'><strong>AENEIDOS</strong></span> <span class='ocrx_word' id='word_1_3' title='bbox 624 323 718 386; x_wconf 89' lang='lat' dir='ltr'>LIB.</span> <span class='ocrx_word' id='word_1_4' title='bbox 743 322 853 390; x_wconf 89' lang='lat' dir='ltr'><strong>Vlll.</strong></span> <span class='ocrx_word' id='word_1_5' title='bbox 1028 324 1091 388; x_wconf 84' lang='grc'><strong>513</strong></span> 
     </span>
    </p>
   </div>
   <div class='ocr_carea' id='block_1_2' title="bbox 51 443 1102 2477">
    <p class='ocr_par' dir='ltr' id='par_1_2' title="bbox 52 443 1099 1054">
     <span class='ocr_line' id='line_1_2' title="bbox 91 443 1095 527; baseline -0.002 -21"><span class='ocrx_word' id='word_1_6' title='bbox 91 444 159 520; x_wconf 85' lang='grc'><strong>483.</strong></span> <span class='ocrx_word' id='word_1_7' title='bbox 179 443 358 527; x_wconf 78' lang='lat' dir='ltr'><strong>Digreditur</strong></span> <span class='ocrx_word' id='word_1_8' title='bbox 374 444 412 504; x_wconf 89' lang='lat' dir='ltr'><strong>ad</strong></span> <span class='ocrx_word' id='word_1_9' title='bbox 429 445 574 504; x_wconf 87' lang='lat' dir='ltr'><strong>Mezentii</strong></span> <span class='ocrx_word' id='word_1_10' title='bbox 588 444 736 504; x_wconf 81' lang='lat' dir='ltr'><strong>saevitiam</strong></span> <span class='ocrx_word' id='word_1_11' title='bbox 750 443 956 504; x_wconf 80' lang='lat' dir='ltr'><strong>narrandam:</strong></span> <span class='ocrx_word' id='word_1_12' title='bbox 976 444 1095 504; x_wconf 86' lang='lat' dir='ltr'><strong>solebat</strong></span> 
     </span>
     <span class='ocr_line' id='line_1_3' title="bbox 54 534 1095 618; baseline 0.001 -22"><span class='ocrx_word' id='word_1_13' title='bbox 54 537 106 598; x_wconf 91' lang='lat' dir='ltr'><strong>ille</strong></span> <span class='ocrx_word' id='word_1_14' title='bbox 119 538 195 596; x_wconf 85' lang='lat' dir='ltr'><strong>vivis</strong></span> <span class='ocrx_word' id='word_1_15' title='bbox 209 537 393 618; x_wconf 87' lang='lat' dir='ltr'><strong>corporibus</strong></span> <span class='ocrx_word' id='word_1_16' title='bbox 411 547 535 594; x_wconf 88' lang='lat' dir='ltr'><strong>mortua</strong></span> <span class='ocrx_word' id='word_1_17' title='bbox 552 534 756 615; x_wconf 84' lang='lat' dir='ltr'><strong>conjungere,</strong></span> <span class='ocrx_word' id='word_1_18' title='bbox 774 550 973 616; x_wconf 81' lang='lat' dir='ltr'><strong>componens·</strong></span> <span class='ocrx_word' id='word_1_19' title='bbox 986 557 1095 597; x_wconf 88' lang='lat' dir='ltr'><strong>manus</strong></span> 
     </span>
     <span class='ocr_line' id='line_1_4' title="bbox 53 622 1094 706; baseline -0.001 -21"><span class='ocrx_word' id='word_1_20' title='bbox 53 627 212 702; x_wconf 85' lang='lat' dir='ltr'><strong>manibus,</strong></span> <span class='ocrx_word' id='word_1_21' title='bbox 224 646 279 685; x_wconf 90' lang='lat' dir='ltr'><strong>ora</strong></span> <span class='ocrx_word' id='word_1_22' title='bbox 289 625 410 700; x_wconf 89' lang='lat' dir='ltr'><strong>oribus;</strong></span> <span class='ocrx_word' id='word_1_23' title='bbox 421 638 455 683; x_wconf 94' lang='lat' dir='ltr'><strong>ut</strong></span> <span class='ocrx_word' id='word_1_24' title='bbox 462 627 503 682; x_wconf 87' lang='lat' dir='ltr'><strong>ita</strong></span> <span class='ocrx_word' id='word_1_25' title='bbox 513 624 617 694; x_wconf 79' lang='lat' dir='ltr'><strong>miseri</strong></span> <span class='ocrx_word' id='word_1_26' title='bbox 627 622 695 682; x_wconf 89' lang='lat' dir='ltr'><strong>diro</strong></span> <span class='ocrx_word' id='word_1_27' title='bbox 707 623 762 682; x_wconf 94' lang='lat' dir='ltr'><strong>illo</strong></span> <span class='ocrx_word' id='word_1_28' title='bbox 774 625 951 704; x_wconf 89' lang='lat' dir='ltr'><strong>complexu,</strong></span> <span class='ocrx_word' id='word_1_29' title='bbox 963 637 993 684; x_wconf 87' lang='lat' dir='ltr'><strong>et</strong></span> <span class='ocrx_word' id='word_1_30' title='bbox 1002 625 1094 706; x_wconf 85' lang='lat' dir='ltr'><strong>longa</strong></span> 
     </span>
     <span class='ocr_line' id='line_1_5' title="bbox 52 712 1099 796; baseline -0.001 -20"><span class='ocrx_word' id='word_1_31' title='bbox 52 730 153 776; x_wconf 89' lang='lat' dir='ltr'><strong>morte</strong></span> <span class='ocrx_word' id='word_1_32' title='bbox 165 715 293 776; x_wconf 90' lang='lat' dir='ltr'><strong>cruciati</strong></span> <span class='ocrx_word' id='word_1_33' title='bbox 306 717 459 796; x_wconf 86' lang='lat' dir='ltr'><strong>perirent,</strong></span> <span class='ocrx_word' id='word_1_34' title='bbox 480 715 564 773; x_wconf 90' lang='lat' dir='ltr'><strong>sanie</strong></span> <span class='ocrx_word' id='word_1_35' title='bbox 578 713 637 772; x_wconf 91' lang='lat' dir='ltr'><strong>toti</strong></span> <span class='ocrx_word' id='word_1_36' title='bbox 653 733 688 772; x_wconf 94' lang='lat' dir='ltr'><strong>ac</strong></span> <span class='ocrx_word' id='word_1_37' title='bbox 702 712 775 771; x_wconf 86' lang='lat' dir='ltr'><strong>tabo</strong></span> <span class='ocrx_word' id='word_1_38' title='bbox 791 712 889 772; x_wconf 84' lang='lat' dir='ltr'><strong>fluidi.</strong></span> <span class='ocrx_word' id='word_1_39' title='bbox 908 717 956 774; x_wconf 87' lang='lat' dir='ltr'><strong>An</strong></span> <span class='ocrx_word' id='word_1_40' title='bbox 973 719 1038 775; x_wconf 84' lang='lat' dir='ltr'><strong>non&#39;</strong></span> <span class='ocrx_word' id='word_1_41' title='bbox 1052 717 1099 775; x_wconf 91' lang='lat' dir='ltr'><strong>la-</strong></span> 
     </span>
     <span class='ocr_line' id='line_1_6' title="bbox 53 801 1097 887; baseline -0.002 -21"><span class='ocrx_word' id='word_1_42' title='bbox 53 827 173 887; x_wconf 76' lang='lat' dir='ltr'><strong>crymas</strong></span> <span class='ocrx_word' id='word_1_43' title='bbox 191 819 262 887; x_wconf 88' lang='lat' dir='ltr'><strong>post</strong></span> <span class='ocrx_word' id='word_1_44' title='bbox 280 819 327 866; x_wconf 91' lang='lat' dir='ltr'><strong>tot</strong></span> <span class='ocrx_word' id='word_1_45' title='bbox 345 803 455 874; x_wconf 79' lang='lat' dir='ltr'><strong>saecula</strong></span> <span class='ocrx_word' id='word_1_46' title='bbox 473 805 561 864; x_wconf 85' lang='lat' dir='ltr'><strong>Maro</strong></span> <span class='ocrx_word' id='word_1_47' title='bbox 579 801 712 865; x_wconf 83' lang='lat' dir='ltr'><strong>excitat?</strong></span> <span class='ocrx_word' id='word_1_48' title='bbox 733 823 825 883; x_wconf 88' lang='lat' dir='ltr'><strong>quem</strong></span> <span class='ocrx_word' id='word_1_49' title='bbox 843 805 926 862; x_wconf 88' lang='lat' dir='ltr'><strong>enim</strong></span> <span class='ocrx_word' id='word_1_50' title='bbox 946 803 1097 885; x_wconf 81' lang='lat' dir='ltr'><strong>legentem</strong></span> 
     </span>
     <span class='ocr_line' id='line_1_7' title="bbox 53 888 1097 973; baseline -0.001 -20"><span class='ocrx_word' id='word_1_51' title='bbox 53 913 122 953; x_wconf 90' lang='lat' dir='ltr'><strong>non</strong></span> <span class='ocrx_word' id='word_1_52' title='bbox 139 891 271 973; x_wconf 89' lang='lat' dir='ltr'><strong>perculit</strong></span> <span class='ocrx_word' id='word_1_53' title='bbox 289 893 382 953; x_wconf 90' lang='lat' dir='ltr'><strong>miser</strong></span> <span class='ocrx_word' id='word_1_54' title='bbox 401 893 456 950; x_wconf 92' lang='lat' dir='ltr'><strong>iste</strong></span> <span class='ocrx_word' id='word_1_55' title='bbox 474 911 509 950; x_wconf 88' lang='lat' dir='ltr'><strong>ac</strong></span> <span class='ocrx_word' id='word_1_56' title='bbox 525 890 611 950; x_wconf 90' lang='lat' dir='ltr'><strong>dirus</strong></span> <span class='ocrx_word' id='word_1_57' title='bbox 623 888 817 970; x_wconf 84' lang='lat' dir='ltr'><strong>complexus,</strong></span> <span class='ocrx_word' id='word_1_58' title='bbox 837 911 903 950; x_wconf 90' lang='lat' dir='ltr'><strong>non</strong></span> <span class='ocrx_word' id='word_1_59' title='bbox 915 891 1043 971; x_wconf 88' lang='lat' dir='ltr'><strong>quidem</strong></span> <span class='ocrx_word' id='word_1_60' title='bbox 1058 893 1097 952; x_wconf 85' lang='lat' dir='ltr'><strong>ad</strong></span> 
     </span>
     <span class='ocr_line' id='line_1_8' title="bbox 52 977 510 1054; baseline -0.013 -12"><span class='ocrx_word' id='word_1_61' title='bbox 52 981 217 1054; x_wconf 83' lang='lat' dir='ltr'><strong>solatium,</strong></span> <span class='ocrx_word' id='word_1_62' title='bbox 231 979 284 1039; x_wconf 89' lang='lat' dir='ltr'><strong>scd</strong></span> <span class='ocrx_word' id='word_1_63' title='bbox 297 978 336 1038; x_wconf 91' lang='lat' dir='ltr'><strong>ad</strong></span> <span class='ocrx_word' id='word_1_64' title='bbox 349 977 510 1040; x_wconf 81' lang='lat' dir='ltr'><strong>dolorem?</strong></span> 
     </span>
    </p>

    <p class='ocr_par' dir='ltr' id='par_1_3' title="bbox 51 1066 1099 1417">
     <span class='ocr_line' id='line_1_9' title="bbox 93 1066 1097 1150; baseline -0.001 -20"><span class='ocrx_word' id='word_1_65' title='bbox 93 1068 161 1150; x_wconf 97' lang='grc'><strong>489.</strong></span> <span class='ocrx_word' id='word_1_66' title='bbox 183 1071 378 1130; x_wconf 80' lang='lat' dir='ltr'><strong>Praecesserat</strong></span> <span class='ocrx_word' id='word_1_67' title='bbox 396 1069 541 1128; x_wconf 86' lang='lat' dir='ltr'><strong>Mezentii</strong></span> <span class='ocrx_word' id='word_1_68' title='bbox 558 1069 692 1142; x_wconf 74' lang='lat' dir='ltr'><strong>saevitia,</strong></span> <span class='ocrx_word' id='word_1_69' title='bbox 713 1066 761 1127; x_wconf 90' lang='lat' dir='ltr'><strong>vel</strong></span> <span class='ocrx_word' id='word_1_70' title='bbox 777 1069 880 1149; x_wconf 88' lang='lat' dir='ltr'><strong>potius</strong></span> <span class='ocrx_word' id='word_1_71' title='bbox 897 1067 1004 1127; x_wconf 89' lang='lat' dir='ltr'><strong>furor:</strong></span> <span class='ocrx_word' id='word_1_72' title='bbox 1024 1089 1097 1149; x_wconf 89' lang='lat' dir='ltr'><strong>ergo</strong></span> 
     </span>
     <span class='ocr_line' id='line_1_10' title="bbox 52 1155 1098 1242; baseline -0.002 -23"><span class='ocrx_word' id='word_1_73' title='bbox 52 1159 171 1242; x_wconf 85' lang='lat' dir='ltr'><strong>Agyllae</strong></span> <span class='ocrx_word' id='word_1_74' title='bbox 190 1159 276 1219; x_wconf 91' lang='lat' dir='ltr'><strong>urbis</strong></span> <span class='ocrx_word' id='word_1_75' title='bbox 295 1160 385 1218; x_wconf 72' lang='lat' dir='ltr'><strong>cives)</strong></span> <span class='ocrx_word' id='word_1_76' title='bbox 398 1179 464 1218; x_wconf 92' lang='lat' dir='ltr'><strong>non</strong></span> <span class='ocrx_word' id='word_1_77' title='bbox 483 1156 615 1216; x_wconf 86' lang='lat' dir='ltr'><strong>ferentes</strong></span> <span class='ocrx_word' id='word_1_78' title='bbox 635 1156 789 1219; x_wconf 77' lang='lat' dir='ltr'><strong>forontem</strong></span> <span class='ocrx_word' id='word_1_79' title='bbox 810 1155 988 1230; x_wconf 84' lang='lat' dir='ltr'><strong>hominem,</strong></span> <span class='ocrx_word' id='word_1_80' title='bbox 1017 1157 1098 1218; x_wconf 91' lang='lat' dir='ltr'><strong>illius</strong></span> 
     </span>
     <span class='ocr_line' id='line_1_11' title="bbox 51 1243 1099 1328; baseline -0.004 -21"><span class='ocrx_word' id='word_1_81' title='bbox 51 1247 170 1328; x_wconf 87' lang='lat' dir='ltr'><strong>regiam</strong></span> <span class='ocrx_word' id='word_1_82' title='bbox 187 1246 298 1306; x_wconf 86' lang='lat' dir='ltr'><strong>armati</strong></span> <span class='ocrx_word' id='word_1_83' title='bbox 316 1244 488 1319; x_wconf 83' lang='lat' dir='ltr'><strong>invadunt3</strong></span> <span class='ocrx_word' id='word_1_84' title='bbox 509 1244 650 1305; x_wconf 84' lang='lat' dir='ltr'><strong>flammas</strong></span> <span class='ocrx_word' id='word_1_85' title='bbox 669 1244 816 1323; x_wconf 81' lang='lat' dir='ltr'><strong>injiciunt</strong></span> <span class='ocrx_word' id='word_1_86' title='bbox 830 1244 869 1303; x_wconf 90' lang='lat' dir='ltr'><strong>ad</strong></span> <span class='ocrx_word' id='word_1_87' title='bbox 888 1243 999 1302; x_wconf 89' lang='lat' dir='ltr'><strong>domus</strong></span> <span class='ocrx_word' id='word_1_88' title='bbox 1017 1243 1099 1303; x_wconf 83' lang='lat' dir='ltr'><strong>fasti-</strong></span> 
     </span>
     <span class='ocr_line' id='line_1_12' title="bbox 53 1334 493 1417; baseline -0.007 -23"><span class='ocrx_word' id='word_1_89' title='bbox 53 1337 121 1417; x_wconf 85' lang='lat' dir='ltr'><strong>gia,</strong></span> <span class='ocrx_word' id='word_1_90' title='bbox 135 1349 166 1394; x_wconf 89' lang='lat' dir='ltr'><strong>et</strong></span> <span class='ocrx_word' id='word_1_91' title='bbox 179 1337 278 1396; x_wconf 90' lang='lat' dir='ltr'><strong>socios</strong></span> <span class='ocrx_word' id='word_1_92' title='bbox 292 1334 493 1397; x_wconf 87' lang='lat' dir='ltr'><strong>interficiunt.</strong></span> 
     </span>
    </p>

    <p class='ocr_par' dir='ltr' id='par_1_4' title="bbox 51 1420 1101 1950">
     <span class='ocr_line' id='line_1_13' title="bbox 94 1420 1098 1505; baseline -0.003 -21"><span class='ocrx_word' id='word_1_93' title='bbox 94 1423 163 1504; x_wconf 78' lang='grc'><strong>491.</strong></span> <span class='ocrx_word' id='word_1_94' title='bbox 178 1424 233 1484; x_wconf 91' lang='grc'><strong>1110</strong></span> <span class='ocrx_word' id='word_1_95' title='bbox 245 1437 312 1484; x_wconf 88' lang='lat' dir='ltr'><strong>tum</strong></span> <span class='ocrx_word' id='word_1_96' title='bbox 324 1422 399 1505; x_wconf 86' lang='lat' dir='ltr'><strong>fuga</strong></span> <span class='ocrx_word' id='word_1_97' title='bbox 412 1424 561 1497; x_wconf 79' lang='lat' dir='ltr'><strong>elabitur5</strong></span> <span class='ocrx_word' id='word_1_98' title='bbox 577 1423 616 1482; x_wconf 91' lang='lat' dir='ltr'><strong>ad</strong></span> <span class='ocrx_word' id='word_1_99' title='bbox 633 1420 763 1482; x_wconf 91' lang='lat' dir='ltr'><strong>Rutulos</strong></span> <span class='ocrx_word' id='word_1_100' title='bbox 782 1435 812 1480; x_wconf 90' lang='lat' dir='ltr'><strong>et</strong></span> <span class='ocrx_word' id='word_1_101' title='bbox 827 1424 967 1482; x_wconf 84' lang='lat' dir='ltr'><strong>Turnum</strong></span> <span class='ocrx_word' id='word_1_102' title='bbox 985 1423 1098 1482; x_wconf 85' lang='lat' dir='ltr'><strong>confu-</strong></span> 
     </span>
     <span class='ocr_line' id='line_1_14' title="bbox 53 1510 1100 1595; baseline -0.002 -23"><span class='ocrx_word' id='word_1_103' title='bbox 53 1514 116 1595; x_wconf 88' lang='lat' dir='ltr'><strong>git,</strong></span> <span class='ocrx_word' id='word_1_104' title='bbox 127 1513 294 1595; x_wconf 83' lang='lat' dir='ltr'><strong>hospitalia</strong></span> <span class='ocrx_word' id='word_1_105' title='bbox 308 1534 394 1572; x_wconf 87' lang='lat' dir='ltr'><strong>arma</strong></span> <span class='ocrx_word' id='word_1_106' title='bbox 407 1525 597 1594; x_wconf 88' lang='lat' dir='ltr'><strong>precaturus.</strong></span> <span class='ocrx_word' id='word_1_107' title='bbox 607 1513 665 1571; x_wconf 89' lang='lat' dir='ltr'><strong>Hic</strong></span> <span class='ocrx_word' id='word_1_108' title='bbox 678 1510 769 1570; x_wconf 88' lang='lat' dir='ltr'><strong>debet</strong></span> <span class='ocrx_word' id='word_1_109' title='bbox 785 1512 894 1589; x_wconf 79' lang='lat' dir='ltr'><strong>Lector</strong></span> <span class='ocrx_word' id='word_1_110' title='bbox 906 1511 1035 1570; x_wconf 90' lang='lat' dir='ltr'><strong>verbum</strong></span> <span class='ocrx_word' id='word_1_111' title='bbox 1045 1511 1100 1570; x_wconf 92' lang='lat' dir='ltr'><strong>ali·</strong></span> 
     </span>
     <span class='ocr_line' id='line_1_15' title="bbox 52 1596 1098 1683; baseline -0.003 -22"><span class='ocrx_word' id='word_1_112' title='bbox 52 1601 140 1683; x_wconf 90' lang='lat' dir='ltr'><strong>quod</strong></span> <span class='ocrx_word' id='word_1_113' title='bbox 152 1602 334 1678; x_wconf 87' lang='lat' dir='ltr'><strong>subaudire,</strong></span> <span class='ocrx_word' id='word_1_114' title='bbox 354 1601 403 1660; x_wconf 85' lang='lat' dir='ltr'><strong>vel</strong></span> <span class='ocrx_word' id='word_1_115' title='bbox 415 1601 611 1682; x_wconf 84' lang='lat' dir='ltr'><strong>interpretari</strong></span> <span class='ocrx_word' id='word_1_116' title='bbox 623 1619 711 1658; x_wconf 89' lang='lat' dir='ltr'><strong>more</strong></span> <span class='ocrx_word' id='word_1_117' title='bbox 725 1596 874 1658; x_wconf 89' lang='lat' dir='ltr'><strong>historico</strong></span> <span class='ocrx_word' id='word_1_118' title='bbox 889 1597 947 1658; x_wconf 90' lang='lat' dir='ltr'><strong>hac</strong></span> <span class='ocrx_word' id='word_1_119' title='bbox 960 1601 1098 1660; x_wconf 89' lang='lat' dir='ltr'><strong>ratione:</strong></span> 
     </span>
     <span class='ocr_line' id='line_1_16' title="bbox 52 1687 1099 1773; baseline -0.002 -23"><span class='ocrx_word' id='word_1_120' title='bbox 52 1691 256 1773; x_wconf 80' lang='lat' dir='ltr'><strong>confugiebat</strong></span> <span class='ocrx_word' id='word_1_121' title='bbox 273 1691 312 1750; x_wconf 90' lang='lat' dir='ltr'><strong>ad</strong></span> <span class='ocrx_word' id='word_1_122' title='bbox 329 1711 419 1771; x_wconf 88' lang='lat' dir='ltr'><strong>agros</strong></span> <span class='ocrx_word' id='word_1_123' title='bbox 430 1689 635 1762; x_wconf 69' lang='lat' dir='ltr'><strong>Rutulorum</strong></span> <span class='ocrx_word' id='word_1_124' title='bbox 654 1687 880 1748; x_wconf 86' lang='lat' dir='ltr'><strong>defendebatur</strong></span> <span class='ocrx_word' id='word_1_125' title='bbox 897 1691 990 1748; x_wconf 88' lang='lat' dir='ltr'><strong>armis</strong></span> <span class='ocrx_word' id='word_1_126' title='bbox 1001 1689 1099 1748; x_wconf 80' lang='lat' dir='ltr'><strong>&#39;lurni</strong></span> 
     </span>
     <span class='ocr_line' id='line_1_17' title="bbox 51 1776 1101 1863; baseline -0.001 -24"><span class='ocrx_word' id='word_1_127' title='bbox 51 1778 194 1861; x_wconf 90' lang='lat' dir='ltr'><strong>hospitis.</strong></span> <span class='ocrx_word' id='word_1_128' title='bbox 216 1781 269 1840; x_wconf 84' lang='lat' dir='ltr'><strong>Est</strong></span> <span class='ocrx_word' id='word_1_129' title='bbox 286 1779 433 1863; x_wconf 79' lang='lat' dir='ltr'><strong>defendier</strong></span> <span class='ocrx_word' id='word_1_130' title='bbox 448 1780 623 1860; x_wconf 89' lang='lat' dir='ltr'><strong>poeticum,</strong></span> <span class='ocrx_word' id='word_1_131' title='bbox 645 1798 720 1859; x_wconf 91' lang='lat' dir='ltr'><strong>pro,</strong></span> <span class='ocrx_word' id='word_1_132' title='bbox 742 1776 876 1860; x_wconf 82' lang='lat' dir='ltr'><strong>defendi:</strong></span> <span class='ocrx_word' id='word_1_133' title='bbox 895 1792 929 1838; x_wconf 82' lang='lat' dir='ltr'><strong>&#39;et</strong></span> <span class='ocrx_word' id='word_1_134' title='bbox 949 1776 1008 1838; x_wconf 93' lang='lat' dir='ltr'><strong>hoc</strong></span> <span class='ocrx_word' id='word_1_135' title='bbox 1027 1799 1101 1858; x_wconf 83' lang='lat' dir='ltr'><strong>pro,</strong></span> 
     </span>
     <span class='ocr_line' id='line_1_18' title="bbox 56 1866 271 1950; baseline -0.005 -23"><span class='ocrx_word' id='word_1_136' title='bbox 56 1866 271 1950; x_wconf 79' lang='lat' dir='ltr'><strong>defendebatur.</strong></span> 
     </span>
    </p>

    <p class='ocr_par' dir='ltr' id='par_1_5' title="bbox 53 1953 1102 2215">
     <span class='ocr_line' id='line_1_19' title="bbox 96 1953 1102 2039; baseline -0.002 -21"><span class='ocrx_word' id='word_1_137' title='bbox 96 1953 165 2036; x_wconf 89' lang='grc'><strong>494.</strong></span> <span class='ocrx_word' id='word_1_138' title='bbox 179 1959 250 2018; x_wconf 86' lang='grc' dir='ltr'><strong>Νο0</strong></span> <span class='ocrx_word' id='word_1_139' title='bbox 260 1961 400 2018; x_wconf 88' lang='lat' dir='ltr'><strong>contenti</strong></span> <span class='ocrx_word' id='word_1_140' title='bbox 407 1959 500 2034; x_wconf 89' lang='lat' dir='ltr'><strong>cives,</strong></span> <span class='ocrx_word' id='word_1_141' title='bbox 515 1977 618 2039; x_wconf 89' lang='lat' dir='ltr'><strong>neque</strong></span> <span class='ocrx_word' id='word_1_142' title='bbox 627 1967 692 2016; x_wconf 90' lang='lat' dir='ltr'><strong>tota</strong></span> <span class='ocrx_word' id='word_1_143' title='bbox 703 1957 847 2016; x_wconf 89' lang='lat' dir='ltr'><strong>Hetruria</strong></span> <span class='ocrx_word' id='word_1_144' title='bbox 857 1957 1000 2016; x_wconf 87' lang='lat' dir='ltr'><strong>Mezentii</strong></span> <span class='ocrx_word' id='word_1_145' title='bbox 1012 1955 1102 2037; x_wconf 79' lang='lat' dir='ltr'><strong>iuga,</strong></span> 
     </span>
     <span class='ocr_line' id='line_1_20' title="bbox 53 2043 1101 2127; baseline -0.002 -23"><span class='ocrx_word' id='word_1_146' title='bbox 53 2043 229 2106; x_wconf 89' lang='lat' dir='ltr'><strong>decernunt</strong></span> <span class='ocrx_word' id='word_1_147' title='bbox 249 2043 411 2106; x_wconf 88' lang='lat' dir='ltr'><strong>hominem</strong></span> <span class='ocrx_word' id='word_1_148' title='bbox 429 2044 513 2105; x_wconf 93' lang='lat' dir='ltr'><strong>bello</strong></span> <span class='ocrx_word' id='word_1_149' title='bbox 535 2046 693 2127; x_wconf 87' lang='lat' dir='ltr'><strong>persequi,</strong></span> <span class='ocrx_word' id='word_1_150' title='bbox 723 2046 748 2104; x_wconf 91' lang='lat' dir='ltr'><strong>si</strong></span> <span class='ocrx_word' id='word_1_151' title='bbox 763 2057 888 2125; x_wconf 88' lang='lat' dir='ltr'><strong>possent</strong></span> <span class='ocrx_word' id='word_1_152' title='bbox 910 2043 1101 2104; x_wconf 78' lang='lat' dir='ltr'><strong>interficere:</strong></span> 
     </span>
     <span class='ocr_line' id='line_1_21' title="bbox 55 2127 843 2215; baseline -0.005 -21"><span class='ocrx_word' id='word_1_153' title='bbox 55 2133 120 2194; x_wconf 90' lang='lat' dir='ltr'><strong>hoc</strong></span> <span class='ocrx_word' id='word_1_154' title='bbox 132 2135 216 2194; x_wconf 89' lang='lat' dir='ltr'><strong>enim</strong></span> <span class='ocrx_word' id='word_1_155' title='bbox 230 2149 320 2194; x_wconf 88' lang='lat' dir='ltr'><strong>notat</strong></span> <span class='ocrx_word' id='word_1_156' title='bbox 334 2127 431 2211; x_wconf 85' lang='lat' dir='ltr'><strong>illud,</strong></span> <span class='ocrx_word' id='word_1_157' title='bbox 445 2147 599 2215; x_wconf 84' lang='lat' dir='ltr'><strong>reposcunt</strong></span> <span class='ocrx_word' id='word_1_158' title='bbox 609 2133 650 2192; x_wconf 84' lang='lat' dir='ltr'><strong>ad</strong></span> <span class='ocrx_word' id='word_1_159' title='bbox 661 2131 843 2212; x_wconf 82' lang='lat' dir='ltr'><strong>supplicium.</strong></span> 
     </span>
    </p>

    <p class='ocr_par' dir='ltr' id='par_1_6' title="bbox 52 2222 1102 2477">
     <span class='ocr_line' id='line_1_22' title="bbox 95 2222 1101 2304; baseline -0.002 -22"><span class='ocrx_word' id='word_1_160' title='bbox 95 2223 164 2304; x_wconf 88' lang='grc'><strong>496.</strong></span> <span class='ocrx_word' id='word_1_161' title='bbox 176 2226 231 2288; x_wconf 89' lang='lat' dir='ltr'><strong>His</strong></span> <span class='ocrx_word' id='word_1_162' title='bbox 240 2237 287 2283; x_wconf 88' lang='lat' dir='ltr'><strong>tot</strong></span> <span class='ocrx_word' id='word_1_163' title='bbox 296 2223 446 2297; x_wconf 90' lang='lat' dir='ltr'><strong>millibus,</strong></span> <span class='ocrx_word' id='word_1_164' title='bbox 456 2243 627 2302; x_wconf 87' lang='lat' dir='ltr'><strong>eorumque</strong></span> <span class='ocrx_word' id='word_1_165' title='bbox 636 2222 782 2297; x_wconf 89' lang='lat' dir='ltr'><strong>navibus,</strong></span> <span class='ocrx_word' id='word_1_166' title='bbox 793 2241 862 2302; x_wconf 80' lang='lat' dir='ltr'><strong>quae</strong></span> <span class='ocrx_word' id='word_1_167' title='bbox 870 2225 902 2280; x_wconf 92' lang='lat' dir='ltr'><strong>in</strong></span> <span class='ocrx_word' id='word_1_168' title='bbox 913 2222 1101 2280; x_wconf 89' lang='lat' dir='ltr'><strong>Mezentium</strong></span> 
     </span>
     <span class='ocr_line' id='line_1_23' title="bbox 52 2307 1101 2387; baseline -0.004 -16"><span class='ocrx_word' id='word_1_169' title='bbox 52 2311 211 2385; x_wconf 85' lang='lat' dir='ltr'><strong>fremunt,</strong></span> <span class='ocrx_word' id='word_1_170' title='bbox 232 2323 262 2368; x_wconf 86' lang='lat' dir='ltr'><strong>et</strong></span> <span class='ocrx_word' id='word_1_171' title='bbox 278 2307 395 2367; x_wconf 88' lang='lat' dir='ltr'><strong>bellum</strong></span> <span class='ocrx_word' id='word_1_172' title='bbox 414 2323 523 2368; x_wconf 85' lang='lat' dir='ltr'><strong>contra</strong></span> <span class='ocrx_word' id='word_1_173' title='bbox 536 2309 627 2367; x_wconf 90' lang='lat' dir='ltr'><strong>illum</strong></span> <span class='ocrx_word' id='word_1_174' title='bbox 644 2321 792 2387; x_wconf 86' lang='lat' dir='ltr'><strong>poscunt,</strong></span> <span class='ocrx_word' id='word_1_175' title='bbox 813 2307 923 2367; x_wconf 90' lang='lat' dir='ltr'><strong>ductor</strong></span> <span class='ocrx_word' id='word_1_176' title='bbox 937 2321 969 2366; x_wconf 91' lang='lat' dir='ltr'><strong>tu</strong></span> <span class='ocrx_word' id='word_1_177' title='bbox 985 2309 1060 2378; x_wconf 82' lang='lat' dir='ltr'><strong>eris,</strong></span> <span class='ocrx_word' id='word_1_178' title='bbox 1082 2327 1101 2367; x_wconf 91' lang='grc'><strong>0</strong></span> 
     </span>
     <span class='ocr_line' id='line_1_24' title="bbox 53 2395 1102 2477; baseline -0.002 -18"><span class='ocrx_word' id='word_1_179' title='bbox 53 2401 169 2472; x_wconf 82' lang='lat' dir='ltr'><strong>AEnea3</strong></span> <span class='ocrx_word' id='word_1_180' title='bbox 183 2417 256 2456; x_wconf 85' lang='lat' dir='ltr'><strong>nam</strong></span> <span class='ocrx_word' id='word_1_181' title='bbox 266 2399 311 2456; x_wconf 90' lang='lat' dir='ltr'><strong>irc</strong></span> <span class='ocrx_word' id='word_1_182' title='bbox 321 2398 355 2455; x_wconf 92' lang='lat' dir='ltr'><strong>in</strong></span> <span class='ocrx_word' id='word_1_183' title='bbox 364 2395 485 2456; x_wconf 89' lang='lat' dir='ltr'><strong>hostem</strong></span> <span class='ocrx_word' id='word_1_184' title='bbox 495 2417 592 2476; x_wconf 91' lang='lat' dir='ltr'><strong>quum</strong></span> <span class='ocrx_word' id='word_1_185' title='bbox 604 2395 731 2469; x_wconf 84' lang='lat' dir='ltr'><strong>vellent,</strong></span> <span class='ocrx_word' id='word_1_186' title='bbox 744 2397 814 2456; x_wconf 91' lang='lat' dir='ltr'><strong>illos</strong></span> <span class='ocrx_word' id='word_1_187' title='bbox 822 2417 950 2477; x_wconf 86' lang='lat' dir='ltr'><strong>aruspex</strong></span> <span class='ocrx_word' id='word_1_188' title='bbox 961 2399 1102 2476; x_wconf 80' lang='lat' dir='ltr'><strong>retinuit,</strong></span> 
     </span>
    </p>
   </div>
   <div class='ocr_carea' id='block_1_3' title="bbox 52 2484 1206 2567">
    <p class='ocr_par' dir='ltr' id='par_1_7' title="bbox 52 2484 1206 2567">
     <span class='ocr_line' id='line_1_25' title="bbox 52 2484 1206 2567; baseline -0.001 -20"><span class='ocrx_word' id='word_1_189' title='bbox 52 2487 162 2548; x_wconf 86' lang='lat' dir='ltr'><strong>dicens</strong></span> <span class='ocrx_word' id='word_1_190' title='bbox 174 2505 237 2546; x_wconf 89' lang='lat' dir='ltr'><strong>esse</strong></span> <span class='ocrx_word' id='word_1_191' title='bbox 248 2485 520 2567; x_wconf 78' lang='lat' dir='ltr'><strong>praedivinatunta</strong></span> <span class='ocrx_word' id='word_1_192' title='bbox 536 2484 625 2558; x_wconf 82' lang='lat' dir='ltr'><strong>latis,</strong></span> <span class='ocrx_word' id='word_1_193' title='bbox 640 2496 674 2544; x_wconf 92' lang='lat' dir='ltr'><strong>ut</strong></span> <span class='ocrx_word' id='word_1_194' title='bbox 686 2484 760 2544; x_wconf 91' lang='lat' dir='ltr'><strong>ituri</strong></span> <span class='ocrx_word' id='word_1_195' title='bbox 775 2485 808 2542; x_wconf 92' lang='lat' dir='ltr'><strong>in</strong></span> <span class='ocrx_word' id='word_1_196' title='bbox 822 2484 954 2558; x_wconf 89' lang='lat' dir='ltr'><strong>bellum,</strong></span> <span class='ocrx_word' id='word_1_197' title='bbox 967 2488 1103 2567; x_wconf 89' lang='lat' dir='ltr'><strong>auspicia</strong></span> <span class='ocrx_word' id='word_1_198' title='bbox 1203 2511 1206 2516; x_wconf 95' lang='lat'>·</span> 
     </span>
    </p>
   </div>
   <div class='ocr_carea' id='block_1_4' title="bbox 54 2571 1103 2829">
    <p class='ocr_par' dir='ltr' id='par_1_8' title="bbox 54 2571 1103 2829">
     <span class='ocr_line' id='line_1_26' title="bbox 54 2571 1103 2653; baseline 0 -19"><span class='ocrx_word' id='word_1_199' title='bbox 54 2587 89 2636; x_wconf 89' lang='lat' dir='ltr'><strong>et</strong></span> <span class='ocrx_word' id='word_1_200' title='bbox 103 2573 231 2632; x_wconf 88' lang='lat' dir='ltr'><strong>ductum</strong></span> <span class='ocrx_word' id='word_1_201' title='bbox 248 2573 364 2632; x_wconf 84' lang='lat' dir='ltr'><strong>externi</strong></span> <span class='ocrx_word' id='word_1_202' title='bbox 384 2571 469 2632; x_wconf 84' lang='lat' dir='ltr'><strong>ducis</strong></span> <span class='ocrx_word' id='word_1_203' title='bbox 485 2585 701 2653; x_wconf 86' lang='lat' dir='ltr'><strong>sequerentur:</strong></span> <span class='ocrx_word' id='word_1_204' title='bbox 721 2593 783 2653; x_wconf 90' lang='lat' dir='ltr'><strong>quo</strong></span> <span class='ocrx_word' id='word_1_205' title='bbox 800 2573 926 2632; x_wconf 91' lang='lat' dir='ltr'><strong>oraculo</strong></span> <span class='ocrx_word' id='word_1_206' title='bbox 944 2573 989 2632; x_wconf 88' lang='lat' dir='ltr'><strong>illi</strong></span> <span class='ocrx_word' id='word_1_207' title='bbox 1007 2586 1103 2634; x_wconf 85' lang='lat' dir='ltr'><strong>exter-</strong></span> 
     </span>
     <span class='ocr_line' id='line_1_27' title="bbox 54 2659 1102 2747; baseline -0.001 -24"><span class='ocrx_word' id='word_1_208' title='bbox 54 2663 112 2723; x_wconf 87' lang='lat' dir='ltr'><strong>riti</strong></span> <span class='ocrx_word' id='word_1_209' title='bbox 126 2661 421 2742; x_wconf 86' lang='lat' dir='ltr'><strong>cessaruntquidem</strong></span> <span class='ocrx_word' id='word_1_210' title='bbox 434 2675 508 2722; x_wconf 91' lang='lat' dir='ltr'><strong>tunc</strong></span> <span class='ocrx_word' id='word_1_211' title='bbox 521 2681 539 2720; x_wconf 89' lang='lat' dir='ltr'><strong>a</strong></span> <span class='ocrx_word' id='word_1_212' title='bbox 552 2660 654 2736; x_wconf 86' lang='lat' dir='ltr'><strong>bello,</strong></span> <span class='ocrx_word' id='word_1_213' title='bbox 673 2659 724 2720; x_wconf 85' lang='lat' dir='ltr'><strong>sed</strong></span> <span class='ocrx_word' id='word_1_214' title='bbox 743 2662 820 2720; x_wconf 87' lang='lat' dir='ltr'><strong>acies</strong></span> <span class='ocrx_word' id='word_1_215' title='bbox 833 2659 934 2722; x_wconf 80' lang='lat' dir='ltr'><strong>adbuc</strong></span> <span class='ocrx_word' id='word_1_216' title='bbox 948 2664 981 2722; x_wconf 90' lang='lat' dir='ltr'><strong>in</strong></span> <span class='ocrx_word' id='word_1_217' title='bbox 993 2681 1102 2747; x_wconf 89' lang='lat' dir='ltr'><strong>campo</strong></span> 
     </span>
     <span class='ocr_line' id='line_1_28' title="bbox 56 2746 848 2829; baseline -0.005 -19"><span class='ocrx_word' id='word_1_218' title='bbox 56 2747 144 2810; x_wconf 89' lang='lat' dir='ltr'><strong>sedet</strong></span> <span class='ocrx_word' id='word_1_219' title='bbox 155 2761 261 2829; x_wconf 87' lang='lat' dir='ltr'><strong>parata</strong></span> <span class='ocrx_word' id='word_1_220' title='bbox 274 2747 313 2808; x_wconf 92' lang='lat' dir='ltr'><strong>ad</strong></span> <span class='ocrx_word' id='word_1_221' title='bbox 327 2749 402 2824; x_wconf 87' lang='lat' dir='ltr'><strong>iter,</strong></span> <span class='ocrx_word' id='word_1_222' title='bbox 416 2750 440 2810; x_wconf 88' lang='lat' dir='ltr'><strong>si</strong></span> <span class='ocrx_word' id='word_1_223' title='bbox 453 2763 612 2808; x_wconf 77' lang='lat' dir='ltr'><strong>externum</strong></span> <span class='ocrx_word' id='word_1_224' title='bbox 625 2747 735 2808; x_wconf 91' lang='lat' dir='ltr'><strong>ducem</strong></span> <span class='ocrx_word' id='word_1_225' title='bbox 746 2746 848 2807; x_wconf 88' lang='lat' dir='ltr'><strong>habet.</strong></span> 
     </span>
    </p>
   </div>
   <div class='ocr_carea' id='block_1_5' title="bbox 54 2913 1116 4173">
    <p class='ocr_par' dir='ltr' id='par_1_9' title="bbox 54 2913 1104 3068">
     <span class='ocr_line' id='line_1_29' title="bbox 55 2913 1101 2988; baseline 0 -22"><span class='ocrx_word' id='word_1_226' title='bbox 55 2913 172 2967; x_wconf 85' lang='lat' dir='ltr'><strong>-Vide</strong></span> <span class='ocrx_word' id='word_1_227' title='bbox 191 2915 337 2968; x_wconf 80' lang='lat' dir='ltr'><strong>Excursum</strong></span> <span class='ocrx_word' id='word_1_228' title='bbox 354 2919 462 2970; x_wconf 90' lang='lat' dir='ltr'><strong>tertium</strong></span> <span class='ocrx_word' id='word_1_229' title='bbox 480 2935 562 2988; x_wconf 86' lang='lat' dir='ltr'><strong>super</strong></span> <span class='ocrx_word' id='word_1_230' title='bbox 605 2930 695 2970; x_wconf 89' lang='lat' dir='ltr'><strong>mento</strong></span> <span class='ocrx_word' id='word_1_231' title='bbox 714 2917 798 2968; x_wconf 71' lang='lat' dir='ltr'><strong>aetatis</strong></span> <span class='ocrx_word' id='word_1_232' title='bbox 812 2915 869 2966; x_wconf 85' lang='lat' dir='ltr'><strong>vult</strong></span> <span class='ocrx_word' id='word_1_233' title='bbox 886 2914 995 2966; x_wconf 88' lang='lat' dir='ltr'><strong>doctum</strong></span> <span class='ocrx_word' id='word_1_234' title='bbox 1009 2913 1101 2966; x_wconf 87' lang='lat' dir='ltr'><strong>videri.</strong></span> 
     </span>
     <span class='ocr_line' id='line_1_30' title="bbox 54 2993 1104 3068; baseline 0 -22"><span class='ocrx_word' id='word_1_235' title='bbox 54 2995 493 3068; x_wconf 58' lang='grc' dir='ltr'><strong>Εῐ111001101Μο1011110,101.1119).</strong></span> <span class='ocrx_word' id='word_1_236' title='bbox 501 2997 561 3067; x_wconf 78' lang='grc'><strong>479.</strong></span> <span class='ocrx_word' id='word_1_237' title='bbox 605 2994 774 3063; x_wconf 87' lang='lat' dir='ltr'><strong>Quibusdam</strong></span> <span class='ocrx_word' id='word_1_238' title='bbox 796 3013 861 3046; x_wconf 87' lang='lat' dir='ltr'><strong>sane</strong></span> <span class='ocrx_word' id='word_1_239' title='bbox 884 2993 1007 3064; x_wconf 86' lang='lat' dir='ltr'><strong>displicet</strong></span> <span class='ocrx_word' id='word_1_240' title='bbox 1030 2993 1104 3064; x_wconf 87' lang='lat' dir='ltr'><strong>quod</strong></span> 
     </span>
    </p>

    <p class='ocr_par' dir='ltr' id='par_1_10' title="bbox 55 3072 1116 4021">
     <span class='ocr_line' id='line_1_31' title="bbox 94 3072 1104 3149; baseline -0.002 -23"><span class='ocrx_word' id='word_1_241' title='bbox 94 3072 563 3149; x_wconf 67' lang='lat' dir='ltr'><strong>483.Quidmemoreminfandascoe·</strong></span> <span class='ocrx_word' id='word_1_242' title='bbox 606 3077 734 3146; x_wconf 87' lang='lat' dir='ltr'><strong>aruspicis</strong></span> <span class='ocrx_word' id='word_1_243' title='bbox 756 3093 853 3126; x_wconf 87' lang='lat' dir='ltr'><strong>nomen</strong></span> <span class='ocrx_word' id='word_1_244' title='bbox 877 3091 932 3124; x_wconf 90' lang='lat' dir='ltr'><strong>non</strong></span> <span class='ocrx_word' id='word_1_245' title='bbox 955 3072 1104 3138; x_wconf 87' lang='lat' dir='ltr'><strong>addiderit,</strong></span> 
     </span>
     <span class='ocr_line' id='line_1_32' title="bbox 58 3151 1103 3228; baseline 0 -23"><span class='ocrx_word' id='word_1_246' title='bbox 58 3153 561 3228; x_wconf 57' lang='grc'><strong>11001190100101011990011010109111</strong></span> <span class='ocrx_word' id='word_1_247' title='bbox 607 3157 683 3226; x_wconf 86' lang='lat' dir='ltr'><strong>cujus</strong></span> <span class='ocrx_word' id='word_1_248' title='bbox 693 3166 797 3207; x_wconf 71' lang='lat' dir='ltr'><strong>etatem</strong></span> <span class='ocrx_word' id='word_1_249' title='bbox 810 3156 1047 3224; x_wconf 85' lang='lat' dir='ltr'><strong>auctoritatemque</strong></span> <span class='ocrx_word' id='word_1_250' title='bbox 1057 3151 1103 3205; x_wconf 91' lang='lat' dir='ltr'><strong>de-</strong></span> 
     </span>
     <span class='ocr_line' id='line_1_33' title="bbox 58 3233 785 3306; baseline 0 -22"><span class='ocrx_word' id='word_1_251' title='bbox 58 3244 183 3284; x_wconf 86' lang='lat' dir='ltr'><strong>vocatur.</strong></span> <span class='ocrx_word' id='word_1_252' title='bbox 197 3233 301 3299; x_wconf 84' lang='lat' dir='ltr'><strong>Cicero,</strong></span> <span class='ocrx_word' id='word_1_253' title='bbox 314 3234 458 3300; x_wconf 55' lang='lat' dir='ltr'><strong>Caritas:</strong></span> <span class='ocrx_word' id='word_1_254' title='bbox 472 3237 562 3287; x_wconf 78' lang='lat' dir='ltr'><strong>«Nam</strong></span> <span class='ocrx_word' id='word_1_255' title='bbox 607 3237 700 3306; x_wconf 81' lang='lat' dir='ltr'><strong>signat.</strong></span> <span class='ocrx_word' id='word_1_256' title='bbox 715 3235 785 3287; x_wconf 86' lang='lat' dir='ltr'><strong>Serv.</strong></span> 
     </span>
     <span class='ocr_line' id='line_1_34' title="bbox 61 3310 1102 3386; baseline 0 -24"><span class='ocrx_word' id='word_1_257' title='bbox 61 3310 112 3362; x_wconf 88' lang='lat' dir='ltr'><strong>illa</strong></span> <span class='ocrx_word' id='word_1_258' title='bbox 124 3313 203 3362; x_wconf 83' lang='lat' dir='ltr'><strong>nimis</strong></span> <span class='ocrx_word' id='word_1_259' title='bbox 218 3315 329 3383; x_wconf 87' lang='lat' dir='ltr'><strong>antiqua</strong></span> <span class='ocrx_word' id='word_1_260' title='bbox 340 3328 500 3386; x_wconf 73' lang='lat' dir='ltr'><strong>pretereo.»</strong></span> <span class='ocrx_word' id='word_1_261' title='bbox 515 3316 543 3368; x_wconf 89' lang='lat' dir='ltr'><strong>S.</strong></span> <span class='ocrx_word' id='word_1_262' title='bbox 643 3313 702 3367; x_wconf 82' lang='grc'><strong>500.</strong></span> <span class='ocrx_word' id='word_1_263' title='bbox 724 3313 784 3365; x_wconf 81' lang='lat' dir='ltr'><strong>Flos</strong></span> <span class='ocrx_word' id='word_1_264' title='bbox 803 3323 923 3364; x_wconf 72' lang='lat' dir='ltr'><strong>verenam.</strong></span> <span class='ocrx_word' id='word_1_265' title='bbox 945 3312 1102 3364; x_wconf 81' lang='lat' dir='ltr'><strong>Ennianum.</strong></span> 
     </span>
     <span class='ocr_line' id='line_1_35' title="bbox 66 3390 1105 3465; baseline 0.001 -23"><span class='ocrx_word' id='word_1_266' title='bbox 66 3423 70 3430; x_wconf 56' lang='grc' dir='ltr'><strong><em>ι</em></strong></span> <span class='ocrx_word' id='word_1_267' title='bbox 96 3390 159 3459; x_wconf 80' lang='grc'><strong>487.</strong></span> <span class='ocrx_word' id='word_1_268' title='bbox 177 3390 310 3442; x_wconf 81' lang='lat' dir='ltr'><strong>Tormenti</strong></span> <span class='ocrx_word' id='word_1_269' title='bbox 318 3412 406 3464; x_wconf 80' lang='lat' dir='ltr'><strong>penus.</strong></span> <span class='ocrx_word' id='word_1_270' title='bbox 427 3393 563 3446; x_wconf 84' lang='lat' dir='ltr'><strong>Exclama-</strong></span> <span class='ocrx_word' id='word_1_271' title='bbox 607 3392 792 3465; x_wconf 74' lang='lat' dir='ltr'><strong>signantibus,</strong></span> <span class='ocrx_word' id='word_1_272' title='bbox 808 3393 853 3462; x_wconf 89' lang='lat' dir='ltr'><strong>qui</strong></span> <span class='ocrx_word' id='word_1_273' title='bbox 867 3410 882 3442; x_wconf 87' lang='lat' dir='ltr'><strong>a</strong></span> <span class='ocrx_word' id='word_1_274' title='bbox 896 3392 974 3442; x_wconf 85' lang='lat' dir='ltr'><strong>bonis</strong></span> <span class='ocrx_word' id='word_1_275' title='bbox 988 3404 1014 3443; x_wconf 91' lang='lat' dir='ltr'><strong>et</strong></span> <span class='ocrx_word' id='word_1_276' title='bbox 1028 3392 1105 3444; x_wconf 88' lang='lat' dir='ltr'><strong>helli-</strong></span> 
     </span>
     <span class='ocr_line' id='line_1_36' title="bbox 55 3469 1116 3543; baseline 0 -20"><span class='ocrx_word' id='word_1_277' title='bbox 55 3472 99 3523; x_wconf 87' lang='lat' dir='ltr'><strong>tio</strong></span> <span class='ocrx_word' id='word_1_278' title='bbox 112 3481 154 3522; x_wconf 86' lang='lat' dir='ltr'><strong>est</strong></span> <span class='ocrx_word' id='word_1_279' title='bbox 165 3471 265 3525; x_wconf 84' lang='lat' dir='ltr'><strong>inventi</strong></span> <span class='ocrx_word' id='word_1_280' title='bbox 279 3473 417 3543; x_wconf 82' lang='lat' dir='ltr'><strong>supplicii,</strong></span> <span class='ocrx_word' id='word_1_281' title='bbox 437 3487 463 3526; x_wconf 88' lang='lat' dir='ltr'><strong>et</strong></span> <span class='ocrx_word' id='word_1_282' title='bbox 475 3475 564 3526; x_wconf 86' lang='lat' dir='ltr'><strong>detes·</strong></span> <span class='ocrx_word' id='word_1_283' title='bbox 608 3474 676 3524; x_wconf 86' lang='lat' dir='ltr'><strong>cosis</strong></span> <span class='ocrx_word' id='word_1_284' title='bbox 695 3471 859 3542; x_wconf 87' lang='lat' dir='ltr'><strong>parentibus.</strong></span> <span class='ocrx_word' id='word_1_285' title='bbox 879 3469 1010 3522; x_wconf 88' lang='lat' dir='ltr'><strong>Demades</strong></span> <span class='ocrx_word' id='word_1_286' title='bbox 1033 3471 1116 3542; x_wconf 63' lang='lat' dir='ltr'><strong>apud*</strong></span> 
     </span>
     <span class='ocr_line' id='line_1_37' title="bbox 56 3549 1109 3626; baseline 0 -21"><span class='ocrx_word' id='word_1_287' title='bbox 56 3553 138 3605; x_wconf 86' lang='lat' dir='ltr'><strong>tatio.</strong></span> <span class='ocrx_word' id='word_1_288' title='bbox 148 3550 188 3602; x_wconf 92' lang='lat' dir='ltr'><strong>De</strong></span> <span class='ocrx_word' id='word_1_289' title='bbox 197 3549 249 3602; x_wconf 89' lang='lat' dir='ltr'><strong>hoo</strong></span> <span class='ocrx_word' id='word_1_290' title='bbox 260 3553 385 3604; x_wconf 88' lang='lat' dir='ltr'><strong>tormenti</strong></span> <span class='ocrx_word' id='word_1_291' title='bbox 394 3573 490 3626; x_wconf 87' lang='lat' dir='ltr'><strong>genere</strong></span> <span class='ocrx_word' id='word_1_292' title='bbox 500 3556 564 3624; x_wconf 77' lang='lat' dir='ltr'><strong>Tyr·</strong></span> <span class='ocrx_word' id='word_1_293' title='bbox 607 3551 704 3604; x_wconf 79' lang='lat' dir='ltr'><strong>Athen.</strong></span> <span class='ocrx_word' id='word_1_294' title='bbox 715 3551 763 3602; x_wconf 85' lang='lat' dir='ltr'><strong>lib.</strong></span> <span class='ocrx_word' id='word_1_295' title='bbox 775 3553 823 3615; x_wconf 93' lang='grc'><strong>111,</strong></span> <span class='ocrx_word' id='word_1_296' title='bbox 834 3563 911 3601; x_wconf 84' lang='lat' dir='ltr'><strong>vocat</strong></span> <span class='ocrx_word' id='word_1_297' title='bbox 923 3549 1109 3605; x_wconf 79' lang='lat' dir='ltr'><strong>adolescentes·</strong></span> 
     </span>
     <span class='ocr_line' id='line_1_38' title="bbox 57 3628 1107 3702; baseline -0.001 -18"><span class='ocrx_word' id='word_1_298' title='bbox 57 3631 223 3694; x_wconf 72' lang='lat' dir='ltr'><strong>chenonem,</strong></span> <span class='ocrx_word' id='word_1_299' title='bbox 242 3631 315 3702; x_wconf 92' lang='lat' dir='ltr'><strong>quod</strong></span> <span class='ocrx_word' id='word_1_300' title='bbox 334 3645 413 3702; x_wconf 90' lang='lat' dir='ltr'><strong>poeta</strong></span> <span class='ocrx_word' id='word_1_301' title='bbox 432 3635 562 3685; x_wconf 80' lang='lat' dir='ltr'><strong>Mezentio</strong></span> <span class='ocrx_word' id='word_1_302' title='bbox 608 3631 782 3691; x_wconf 82' lang='lat' dir='ltr'><strong>vercivitutis,·</strong></span> <span class='ocrx_word' id='word_1_303' title='bbox 798 3632 931 3690; x_wconf 77' lang='grc'><strong>01100110,</strong></span> <span class='ocrx_word' id='word_1_304' title='bbox 947 3628 1000 3686; x_wconf 71' lang='lat' dir='ltr'><strong>esic</strong></span> <span class='ocrx_word' id='word_1_305' title='bbox 1016 3629 1107 3689; x_wconf 61' lang='lat' dir='ltr'><strong>latiisve</strong></span> 
     </span>
     <span class='ocr_line' id='line_1_39' title="bbox 58 3707 1108 3778; baseline 0.001 -14"><span class='ocrx_word' id='word_1_306' title='bbox 58 3712 173 3776; x_wconf 80' lang='lat' dir='ltr'><strong>tribuit,</strong></span> <span class='ocrx_word' id='word_1_307' title='bbox 189 3710 311 3763; x_wconf 85' lang='lat' dir='ltr'><strong>videatur</strong></span> <span class='ocrx_word' id='word_1_308' title='bbox 327 3711 459 3765; x_wconf 86' lang='lat' dir='ltr'><strong>Plutarch.</strong></span> <span class='ocrx_word' id='word_1_309' title='bbox 475 3717 502 3764; x_wconf 90' lang='lat' dir='ltr'><strong>in</strong></span> <span class='ocrx_word' id='word_1_310' title='bbox 514 3717 563 3764; x_wconf 80' lang='lat' dir='ltr'><strong>Ar·</strong></span> <span class='ocrx_word' id='word_1_311' title='bbox 608 3712 648 3778; x_wconf 71' lang='lat' dir='ltr'><strong>inp</strong></span> <span class='ocrx_word' id='word_1_312' title='bbox 660 3710 702 3762; x_wconf 74' lang='lat' dir='ltr'><strong>nsi</strong></span> <span class='ocrx_word' id='word_1_313' title='bbox 713 3707 793 3773; x_wconf 65' lang='lat' dir='ltr'><strong>timu.</strong></span> <span class='ocrx_word' id='word_1_314' title='bbox 815 3709 913 3760; x_wconf 77' lang='lat' dir='ltr'><strong>Morem</strong></span> <span class='ocrx_word' id='word_1_315' title='bbox 929 3708 1051 3762; x_wconf 85' lang='lat' dir='ltr'><strong>dixerunt</strong></span> <span class='ocrx_word' id='word_1_316' title='bbox 1063 3731 1108 3765; x_wconf 85' lang='lat' dir='ltr'><strong>re·</strong></span> 
     </span>
     <span class='ocr_line' id='line_1_40' title="bbox 58 3789 1109 3864; baseline -0.003 -18"><span class='ocrx_word' id='word_1_317' title='bbox 58 3807 181 3846; x_wconf 82' lang='lat' dir='ltr'><strong>taxerxe.</strong></span> <span class='ocrx_word' id='word_1_318' title='bbox 197 3821 231 3832; x_wconf 85' lang='lat'><strong>-</strong></span> <span class='ocrx_word' id='word_1_319' title='bbox 242 3793 321 3846; x_wconf 85' lang='lat' dir='ltr'><strong>Sanie</strong></span> <span class='ocrx_word' id='word_1_320' title='bbox 333 3794 449 3864; x_wconf 78' lang='lat' dir='ltr'><strong>taboque.</strong></span> <span class='ocrx_word' id='word_1_321' title='bbox 462 3794 567 3861; x_wconf 85' lang='lat' dir='ltr'><strong>Sanies,</strong></span> <span class='ocrx_word' id='word_1_322' title='bbox 612 3805 695 3856; x_wconf 79' lang='lat' dir='ltr'><strong>teres,</strong></span> <span class='ocrx_word' id='word_1_323' title='bbox 706 3789 779 3862; x_wconf 86' lang='lat' dir='ltr'><strong>quod</strong></span> <span class='ocrx_word' id='word_1_324' title='bbox 789 3794 917 3862; x_wconf 88' lang='lat' dir='ltr'><strong>optimum</strong></span> <span class='ocrx_word' id='word_1_325' title='bbox 928 3793 1109 3862; x_wconf 87' lang='lat' dir='ltr'><strong>purissimum-</strong></span> 
     </span>
     <span class='ocr_line' id='line_1_41' title="bbox 59 3872 1108 3944; baseline -0.001 -19"><span class='ocrx_word' id='word_1_326' title='bbox 59 3872 166 3925; x_wconf 83' lang='lat' dir='ltr'><strong>mortui</strong></span> <span class='ocrx_word' id='word_1_327' title='bbox 180 3883 233 3923; x_wconf 86' lang='lat' dir='ltr'><strong>est:</strong></span> <span class='ocrx_word' id='word_1_328' title='bbox 251 3872 355 3937; x_wconf 78' lang='lat' dir='ltr'><strong>tabum,</strong></span> <span class='ocrx_word' id='word_1_329' title='bbox 370 3873 483 3924; x_wconf 85' lang='lat' dir='ltr'><strong>viventis</strong></span> <span class='ocrx_word' id='word_1_330' title='bbox 497 3873 566 3924; x_wconf 82' lang='lat' dir='ltr'><strong>scili·</strong></span> <span class='ocrx_word' id='word_1_331' title='bbox 612 3890 663 3944; x_wconf 90' lang='lat' dir='ltr'><strong>que</strong></span> <span class='ocrx_word' id='word_1_332' title='bbox 680 3883 720 3924; x_wconf 88' lang='lat' dir='ltr'><strong>est</strong></span> <span class='ocrx_word' id='word_1_333' title='bbox 736 3873 763 3922; x_wconf 90' lang='lat' dir='ltr'><strong>in</strong></span> <span class='ocrx_word' id='word_1_334' title='bbox 781 3889 944 3942; x_wconf 78' lang='lat' dir='ltr'><strong>quoquere,</strong></span> <span class='ocrx_word' id='word_1_335' title='bbox 960 3883 990 3922; x_wconf 91' lang='lat' dir='ltr'><strong>ut</strong></span> <span class='ocrx_word' id='word_1_336' title='bbox 1003 3875 1108 3944; x_wconf 78' lang='lat' dir='ltr'><strong>egregie</strong></span> 
     </span>
     <span class='ocr_line' id='line_1_42' title="bbox 61 3949 1107 4021; baseline -0.002 -17"><span class='ocrx_word' id='word_1_337' title='bbox 61 3963 110 4004; x_wconf 84' lang='lat' dir='ltr'><strong>oet</strong></span> <span class='ocrx_word' id='word_1_338' title='bbox 123 3951 348 4021; x_wconf 70' lang='lat' dir='ltr'><strong>sanguinis-Serv.</strong></span> <span class='ocrx_word' id='word_1_339' title='bbox 612 3951 692 4003; x_wconf 83' lang='lat' dir='ltr'><strong>docet</strong></span> <span class='ocrx_word' id='word_1_340' title='bbox 714 3949 904 4003; x_wconf 83' lang='lat' dir='ltr'><strong>llittersbusius</strong></span> <span class='ocrx_word' id='word_1_341' title='bbox 928 3949 963 4003; x_wconf 85' lang='lat' dir='ltr'><strong>ed</strong></span> <span class='ocrx_word' id='word_1_342' title='bbox 991 3949 1107 4021; x_wconf 80' lang='lat' dir='ltr'><strong>Oppiau.</strong></span> 
     </span>
    </p>

    <p class='ocr_par' dir='ltr' id='par_1_11' title="bbox 100 4029 854 4104">
     <span class='ocr_line' id='line_1_43' title="bbox 100 4029 854 4104; baseline 0.001 -20"><span class='ocrx_word' id='word_1_343' title='bbox 100 4029 166 4100; x_wconf 81' lang='grc'><strong>498.</strong></span> <span class='ocrx_word' id='word_1_344' title='bbox 180 4030 323 4104; x_wconf 70' lang='lat' dir='ltr'><strong>longevus</strong></span> <span class='ocrx_word' id='word_1_345' title='bbox 336 4031 469 4102; x_wconf 75' lang='lat' dir='ltr'><strong>haruspex.</strong></span> <span class='ocrx_word' id='word_1_346' title='bbox 485 4032 568 4104; x_wconf 80' lang='lat' dir='ltr'><strong>Argu·</strong></span> <span class='ocrx_word' id='word_1_347' title='bbox 613 4039 724 4097; x_wconf 70' lang='lat' dir='ltr'><strong>xnsyn.</strong></span> <span class='ocrx_word' id='word_1_348' title='bbox 736 4032 781 4096; x_wconf 86' lang='lat' dir='ltr'><strong>1V,</strong></span> <span class='ocrx_word' id='word_1_349' title='bbox 798 4030 854 4085; x_wconf 83' lang='lat'>153.</span> 
     </span>
    </p>

    <p class='ocr_par' dir='ltr' id='par_1_12' title="bbox 143 4117 957 4173">
     <span class='ocr_line' id='line_1_44' title="bbox 143 4117 957 4173; baseline -0.006 0"><span class='ocrx_word' id='word_1_350' title='bbox 143 4120 169 4173; x_wconf 79' lang='grc'><strong>8.</strong></span> <span class='ocrx_word' id='word_1_351' title='bbox 923 4117 957 4169; x_wconf 82' lang='lat'><strong>33</strong></span> 
     </span>
    </p>
   </div>
   <div class='ocr_carea' id='block_1_6' title="bbox 0 0 1335 4614">
    <p class='ocr_par' dir='ltr' id='par_1_13' title="bbox 0 0 1335 4614">
     <span class='ocr_line' id='line_1_45' title="bbox 0 0 1335 4614; baseline 0 0"><span class='ocrx_word' id='word_1_352' title='bbox 0 0 1335 4614; x_wconf 95' lang='lat' dir='ltr'><strong> </strong></span> 
     </span>
    </p>
   </div>
  </div>
 </body>
</html>
