2670 4596
220 325 316 416 xxviij
495 323 561 387 DE
584 321 819 387 CARMINE
843 321 995 388 EPIGO

219 456 283 552 qui
298 447 484 522 AEneidem
494 446 640 546 legunt,
653 450 786 545 partim
802 473 844 518 ex
857 446 1060 534 Aristotele,
1074 451 1208 546 partim
1222 476 1264 522 ex

221 563 482 639 recentioribus
499 561 689 660 desumpta
707 557 884 633 elementa
896 561 1065 659 quaedam
1079 588 1120 634 ac
1135 567 1266 659 princi·

221 688 281 782 pia
295 686 412 780 epicae¹
419 683 520 770 artis,
537 682 681 777 paucis,
698 695 739 749 ut
754 681 921 775 promisi,
938 677 1115 750 evolvam.
1137 680 1265 751 Statim

221 797 268 872 ab
284 796 345 884 his¹
358 798 561 867 orationem
579 793 730 864 adorsus
749 817 877 881 essem,
900 796 968 864 nisi
987 810 1186 892 putassem,
1206 820 1263 883 ea,

222 937 336 1013 quam
350 908 513 1009 praetuli,
535 911 611 997 via,
631 933 762 1005 nempe
776 905 821 979 ab
835 910 946 1004 ipsius
963 911 1047 979 artis
1064 907 1267 1008 originibus

221 1031 370 1101 initium
398 1023 588 1113 ducendo,
620 1021 751 1120 melius
781 1026 913 1094 servari
949 1047 1026 1094 non
1056 1037 1266 1121 temporum

222 1142 355 1228 modo,
373 1139 434 1211 sed
449 1163 574 1210 rerum
591 1136 772 1206 ordinem.
787 1135 839 1206 Ac
854 1136 899 1207 de
913 1139 1102 1233 praecipuis
1116 1136 1266 1236 quidem

220 1254 355 1356 regulis
366 1270 420 1326 sat
434 1257 501 1324 erit
515 1251 648 1322 dicere:
670 1265 795 1320 caetcra
804 1253 868 1346 qui
878 1249 1148 1341 desideraverit,
1170 1255 1265 1325 inve

221 1372 413 1444 nietuimis
423 1365 560 1437 multos
570 1388 693 1434 rerum
705 1366 933 1434 minutarum
948 1367 1147 1462 magistros.

305 1539 361 1610 De
374 1537 584 1633 argumentis
597 1533 872 1631 Epiroccmtiui
885 1532 1174 1606 convenientibus.

221 1669 227 1696 l
268 1703 372 1776 Falso
382 1700 512 1800 aliquis
523 1705 698 1774 existimet
710 1707 836 1774 omnia
848 1729 921 1776 esse
934 1709 972 1775 in
985 1707 1088 1801 epico
1103 1709 1264 1776 carmine

222 1815 451 1892 invenienda.
465 1818 619 1905 Contra,
631 1821 659 1888 si
670 1809 841 1915 exemplis
852 1817 940 1890 iides
951 1875 960 1910 ,
970 1819 1155 1890 ducantur
1164 1843 1267 1917 opor-

219 1952 269 2008 tet
286 1960 328 2006 ex
343 1957 466 2004 rerum
483 1930 739 2003 historicarum
757 1931 848 2022 fide,
867 1933 924 2004 vel
942 1959 983 2004 ex
997 1931 1172 2005 fabulosis
1186 1959 1267 2032 my-

221 2048 396 2147 thologiae
411 2051 680 2135 monumentis,
698 2063 732 2118 et
748 2065 1008 2146 argumentum
1023 2065 1057 2118 et
1071 2044 1178 2120 heros
1195 2052 1265 2146 pri·

222 2167 425 2250 marius3ac
433 2165 793 2232 certeintermaxima
801 2178 945 2233 tantum
953 2178 987 2233 et
995 2159 1266 2259 praeclarissima

221 2283 295 2350 sive
315 2275 424 2364 lacta,
446 2279 520 2346 sive
538 2279 707 2364 nomina,
727 2291 927 2374 utrumque
947 2269 1183 2376 deligendum
1202 2294 1263 2349 est.

221 2390 354 2465 Procul
365 2394 476 2488 igitur
485 2388 603 2460 absint
613 2389 744 2487 plebeii
752 2416 872 2476 casus,
883 2395 959 2489 qui,
969 2395 1134 2490 quamvis
1142 2391 1265 2492 aliqua

222 2533 264 2580 ex
274 2523 375 2604 parte
388 2522 452 2575 aut
462 2508 559 2576 exitu
570 2504 785 2602 singulares,
801 2505 957 2603 ideoque
971 2511 1170 2577 attentione
1181 2532 1267 2604 qua·

221 2624 307 2696 dam
317 2621 419 2719 digni
430 2623 522 2707 sint,
533 2636 723 2693 versantur
733 2637 854 2692 tamen
864 2625 903 2692 in
915 2621 1056 2720 vulgari
1066 2619 1265 2694 hominum

219 2742 311 2826 vita,
335 2760 402 2806 nec
422 2732 520 2805 ultra
539 2733 840 2831 quotidianarum
859 2761 984 2806 rerum
1005 2733 1163 2807 orbitam
1185 2761 1266 2834 pro·

220 2868 428 2926 moventur.
453 2848 583 2919 Absint
604 2873 753 2948 quoque
773 2850 905 2920 viride
925 2848 1051 2920 multis
1070 2855 1266 2948 assumpti,

221 2961 1268 3066 qui,etiamsivirtutibus,autvitiis,sivealterutrisiortunae

151 3161 154 3170 ¹
222 3078 362 3152 casibus
377 3079 527 3175 egregii,
548 3081 740 3148 communi
760 3095 881 3150 tamen
898 3095 1003 3150 motu
1018 3077 1208 3168 feruntur,
1231 3097 1268 3151 et

221 3199 295 3266 sive
304 3193 452 3291 ingenio
461 3245 470 3279 ,
480 3193 554 3261 sive
567 3187 665 3280 fatis,
676 3190 886 3265 nullatenus
898 3191 1071 3264 humanae
1085 3194 1270 3266 conditio-

221 3313 277 3380 nis
302 3305 458 3378 modum
486 3303 677 3375 excedunt.
701 3306 847 3378 Horum
871 3305 965 3378 nihil
988 3311 1091 3405 epico
1110 3313 1267 3380 carmini

221 3424 411 3516 convenit,
422 3433 510 3516 nato
520 3422 657 3516 quippe
666 3425 815 3511 animis,
830 3447 943 3519 quam
953 3419 1269 3495 vehementissime

221 3533 770 3630 lieri·potest,scommovendis.
801 3535 928 3634 Longe
953 3535 1178 3634 praestabunt
1203 3538 1269 3610 illa

223 3649 381 3727 fortunae
392 3643 668 3737 inclinamenta,
679 3673 761 3746 quae
774 3674 957 3720 summam
967 3675 1092 3721 rerum
1103 3665 1137 3720 et
1148 3633 1268 3756 popu·

222 3756 788 3850 lorumlabefactant-mutamus,
805 3762 896 3835 solia
907 3790 1034 3863 regum
1044 3761 1270 3838 subuertunt

222 3875 278 3950 vel
295 3875 468 3958 excitant,
490 3889 630 3972 gentem
647 3874 805 3972 aliquam
829 3879 877 3948 ita
890 3876 1078 3977 affligunt,
1093 3894 1135 3950 ut
1149 3881 1268 3950 simul

223 4005 363 4064 caeteras
386 4009 512 4057 omnes
537 3986 706 4084 percellat
726 4005 848 4062 motus
874 3991 970 4064 idem
994 4007 1103 4091 atque
1126 4007 1270 4098 terrori
