<?xml version="1.0" encoding="UTF-8"?>
<!DOCTYPE html PUBLIC "-//W3C//DTD XHTML 1.0 Transitional//EN"
    "http://www.w3.org/TR/xhtml1/DTD/xhtml1-transitional.dtd">
<html xmlns="http://www.w3.org/1999/xhtml" xml:lang="en" lang="en">
 <head>
  <title>
</title>
<meta http-equiv="Content-Type" content="text/html;charset=utf-8" />
  <meta name='ocr-system' content='tesseract 3.04.00' />
  <meta name='ocr-capabilities' content='ocr_page ocr_carea ocr_par ocr_line ocrx_word'/>
</head>
<body>
  <div class='ocr_page' id='page_1' title='image "./pvirgiliusmaroq02barbgoog_0495.png"; bbox 0 0 2644 4614; ppageno 0'>
   <div class='ocr_carea' id='block_1_1' title="bbox 326 297 1119 394">
    <p class='ocr_par' dir='ltr' id='par_1_1' title="bbox 326 297 1119 394">
     <span class='ocr_line' id='line_1_1' title="bbox 326 297 1119 394; baseline 0.01 -30"><span class='ocrx_word' id='word_1_1' title='bbox 326 302 378 364; x_wconf 75' lang='lat' dir='ltr'><strong>nt</strong></span> <span class='ocrx_word' id='word_1_2' title='bbox 401 297 637 368; x_wconf 75' lang='lat' dir='ltr'><strong>anemos</strong></span> <span class='ocrx_word' id='word_1_3' title='bbox 660 301 754 366; x_wconf 76' lang='lat' dir='ltr'><strong>nra.</strong></span> <span class='ocrx_word' id='word_1_4' title='bbox 779 303 865 367; x_wconf 87' lang='lat' dir='ltr'><strong>vn.</strong></span> <span class='ocrx_word' id='word_1_5' title='bbox 943 386 947 394; x_wconf 22' lang='grc' dir='ltr'>Ι</span> <span class='ocrx_word' id='word_1_6' title='bbox 1053 306 1119 386; x_wconf 70' lang='lat'><strong>451-</strong></span> 
     </span>
    </p>
   </div>
   <div class='ocr_carea' id='block_1_2' title="bbox 26 421 1218 3442">
    <p class='ocr_par' dir='ltr' id='par_1_2' title="bbox 70 421 1120 510">
     <span class='ocr_line' id='line_1_2' title="bbox 70 421 1120 510; baseline 0 -22"><span class='ocrx_word' id='word_1_7' title='bbox 70 447 142 488; x_wconf 83' lang='lat' dir='ltr'><strong>cere</strong></span> <span class='ocrx_word' id='word_1_8' title='bbox 160 425 252 486; x_wconf 85' lang='lat' dir='ltr'><strong>duces</strong></span> <span class='ocrx_word' id='word_1_9' title='bbox 271 421 429 504; x_wconf 55' lang='lat' dir='ltr'><strong>Puppim,</strong></span> <span class='ocrx_word' id='word_1_10' title='bbox 452 441 487 481; x_wconf 89' lang='lat' dir='ltr'><strong>ac</strong></span> <span class='ocrx_word' id='word_1_11' title='bbox 507 421 640 503; x_wconf 84' lang='lat' dir='ltr'><strong>proinde</strong></span> <span class='ocrx_word' id='word_1_12' title='bbox 658 421 883 484; x_wconf 81' lang='lat' dir='ltr'><strong>mollissimos?</strong></span> <span class='ocrx_word' id='word_1_13' title='bbox 901 435 931 485; x_wconf 90' lang='lat' dir='ltr'><strong>ct</strong></span> <span class='ocrx_word' id='word_1_14' title='bbox 947 429 1000 509; x_wconf 93' lang='lat' dir='ltr'><strong>qui</strong></span> <span class='ocrx_word' id='word_1_15' title='bbox 1019 447 1120 510; x_wconf 85' lang='lat' dir='ltr'>nuper</span> 
     </span>
    </p>

    <p class='ocr_par' dir='ltr' id='par_1_3' title="bbox 69 509 1145 694">
     <span class='ocr_line' id='line_1_3' title="bbox 70 509 1145 594; baseline 0.007 -18"><span class='ocrx_word' id='word_1_16' title='bbox 70 515 236 588; x_wconf 78' lang='lat' dir='ltr'><strong>consedere,</strong></span> <span class='ocrx_word' id='word_1_17' title='bbox 253 527 346 594; x_wconf 85' lang='lat' dir='ltr'><strong>atque</strong></span> <span class='ocrx_word' id='word_1_18' title='bbox 358 511 437 570; x_wconf 85' lang='lat' dir='ltr'><strong>adeo</strong></span> <span class='ocrx_word' id='word_1_19' title='bbox 452 512 502 569; x_wconf 85' lang='lat' dir='ltr'><strong>vix</strong></span> <span class='ocrx_word' id='word_1_20' title='bbox 518 525 640 592; x_wconf 87' lang='lat' dir='ltr'><strong>tempus</strong></span> <span class='ocrx_word' id='word_1_21' title='bbox 655 509 794 570; x_wconf 80' lang='lat' dir='ltr'>habuere</span> <span class='ocrx_word' id='word_1_22' title='bbox 807 513 915 574; x_wconf 87' lang='lat' dir='ltr'><strong>tuendi</strong></span> <span class='ocrx_word' id='word_1_23' title='bbox 929 519 995 577; x_wconf 85' lang='lat' dir='ltr'><strong>sui:</strong></span> <span class='ocrx_word' id='word_1_24' title='bbox 1012 541 1121 583; x_wconf 80' lang='lat' dir='ltr'><strong>conae·</strong></span> <span class='ocrx_word' id='word_1_25' title='bbox 1142 554 1145 561; x_wconf 90' lang='lat'>·</span> 
     </span>
     <span class='ocr_line' id='line_1_4' title="bbox 69 599 1121 694; baseline -0.005 -29"><span class='ocrx_word' id='word_1_26' title='bbox 69 606 146 666; x_wconf 86' lang='lat' dir='ltr'><strong>dere</strong></span> <span class='ocrx_word' id='word_1_27' title='bbox 163 623 235 665; x_wconf 88' lang='lat' dir='ltr'><strong>vero</strong></span> <span class='ocrx_word' id='word_1_28' title='bbox 253 607 285 663; x_wconf 86' lang='lat' dir='ltr'><strong>in</strong></span> <span class='ocrx_word' id='word_1_29' title='bbox 299 599 423 685; x_wconf 76' lang='lat' dir='ltr'><strong>pulchro</strong></span> <span class='ocrx_word' id='word_1_30' title='bbox 428 601 571 684; x_wconf 80' lang='lat' dir='ltr'><strong>flumine,</strong></span> <span class='ocrx_word' id='word_1_31' title='bbox 593 599 664 660; x_wconf 89' lang='lat' dir='ltr'><strong>loco</strong></span> <span class='ocrx_word' id='word_1_32' title='bbox 677 600 821 661; x_wconf 75' lang='lat' dir='ltr'><strong>uidelicet</strong></span> <span class='ocrx_word' id='word_1_33' title='bbox 834 618 908 686; x_wconf 90' lang='lat' dir='ltr'><strong>apto</strong></span> <span class='ocrx_word' id='word_1_34' title='bbox 924 606 963 666; x_wconf 93' lang='lat' dir='ltr'><strong>ad</strong></span> <span class='ocrx_word' id='word_1_35' title='bbox 977 612 1121 694; x_wconf 71' lang='lat' dir='ltr'><strong>volupta.</strong></span> 
     </span>
    </p>

    <p class='ocr_par' dir='ltr' id='par_1_4' title="bbox 70 687 1122 782">
     <span class='ocr_line' id='line_1_5' title="bbox 70 687 1122 782; baseline 0.009 -28"><span class='ocrx_word' id='word_1_36' title='bbox 70 709 151 770; x_wconf 87' lang='lat' dir='ltr'><strong>tem,</strong></span> <span class='ocrx_word' id='word_1_37' title='bbox 173 713 237 753; x_wconf 92' lang='lat' dir='ltr'><strong>non</strong></span> <span class='ocrx_word' id='word_1_38' title='bbox 252 691 292 750; x_wconf 86' lang='lat' dir='ltr'><strong>ad</strong></span> <span class='ocrx_word' id='word_1_39' title='bbox 306 689 526 750; x_wconf 80' lang='lat' dir='ltr'><strong>sustinendum</strong></span> <span class='ocrx_word' id='word_1_40' title='bbox 539 687 679 762; x_wconf 61' lang='lat' dir='ltr'><strong>hosteun</strong></span> <span class='ocrx_word' id='word_1_41' title='bbox 701 691 788 768; x_wconf 83' lang='lat' dir='ltr'>quasi</span> <span class='ocrx_word' id='word_1_42' title='bbox 805 691 905 752; x_wconf 89' lang='lat' dir='ltr'><strong>dicat:</strong></span> <span class='ocrx_word' id='word_1_43' title='bbox 926 717 1038 760; x_wconf 85' lang='lat' dir='ltr'><strong>venere</strong></span> <span class='ocrx_word' id='word_1_44' title='bbox 1055 706 1122 782; x_wconf 88' lang='lat' dir='ltr'><strong>qui·</strong></span> 
     </span>
    </p>

    <p class='ocr_par' dir='ltr' id='par_1_5' title="bbox 72 775 1124 867">
     <span class='ocr_line' id='line_1_6' title="bbox 72 775 1124 867; baseline 0.009 -25"><span class='ocrx_word' id='word_1_45' title='bbox 72 782 147 842; x_wconf 87' lang='lat' dir='ltr'><strong>dem</strong></span> <span class='ocrx_word' id='word_1_46' title='bbox 158 781 204 841; x_wconf 90' lang='lat' dir='ltr'><strong>illi</strong></span> <span class='ocrx_word' id='word_1_47' title='bbox 216 781 254 840; x_wconf 89' lang='lat' dir='ltr'><strong>ad</strong></span> <span class='ocrx_word' id='word_1_48' title='bbox 267 792 390 861; x_wconf 87' lang='lat' dir='ltr'><strong>paratas</strong></span> <span class='ocrx_word' id='word_1_49' title='bbox 401 779 539 860; x_wconf 79' lang='lat' dir='ltr'><strong>nuptias,</strong></span> <span class='ocrx_word' id='word_1_50' title='bbox 552 797 616 836; x_wconf 89' lang='lat' dir='ltr'><strong>non</strong></span> <span class='ocrx_word' id='word_1_51' title='bbox 627 777 666 836; x_wconf 87' lang='lat' dir='ltr'><strong>ad</strong></span> <span class='ocrx_word' id='word_1_52' title='bbox 677 775 796 836; x_wconf 86' lang='lat' dir='ltr'><strong>bellum</strong></span> <span class='ocrx_word' id='word_1_53' title='bbox 808 800 814 836; x_wconf 95' lang='lat'><strong>:</strong></span> <span class='ocrx_word' id='word_1_54' title='bbox 829 781 900 841; x_wconf 88' lang='lat' dir='ltr'><strong>ideo</strong></span> <span class='ocrx_word' id='word_1_55' title='bbox 910 785 1001 864; x_wconf 66' lang='lat' dir='ltr'><strong>pictas</strong></span> <span class='ocrx_word' id='word_1_56' title='bbox 1012 809 1124 867; x_wconf 58' lang='lat' dir='ltr'><strong>navem</strong></span> 
     </span>
    </p>

    <p class='ocr_par' dir='ltr' id='par_1_6' title="bbox 71 867 1126 954">
     <span class='ocr_line' id='line_1_7' title="bbox 71 867 1126 954; baseline 0.009 -23"><span class='ocrx_word' id='word_1_57' title='bbox 71 872 146 933; x_wconf 87' lang='lat' dir='ltr'><strong>ideo</strong></span> <span class='ocrx_word' id='word_1_58' title='bbox 162 874 195 930; x_wconf 90' lang='lat' dir='ltr'><strong>in</strong></span> <span class='ocrx_word' id='word_1_59' title='bbox 207 873 277 930; x_wconf 88' lang='lat' dir='ltr'><strong>loco</strong></span> <span class='ocrx_word' id='word_1_60' title='bbox 292 867 442 942; x_wconf 86' lang='lat' dir='ltr'><strong>herbido,</strong></span> <span class='ocrx_word' id='word_1_61' title='bbox 457 883 487 926; x_wconf 88' lang='lat' dir='ltr'><strong>ct</strong></span> <span class='ocrx_word' id='word_1_62' title='bbox 499 867 594 948; x_wconf 89' lang='lat' dir='ltr'><strong>pleno</strong></span> <span class='ocrx_word' id='word_1_63' title='bbox 607 867 755 928; x_wconf 73' lang='lat' dir='ltr'><strong>luxuriat:</strong></span> <span class='ocrx_word' id='word_1_64' title='bbox 770 869 846 949; x_wconf 89' lang='lat' dir='ltr'><strong>quid</strong></span> <span class='ocrx_word' id='word_1_65' title='bbox 862 871 968 954; x_wconf 87' lang='lat' dir='ltr'><strong>itaque</strong></span> <span class='ocrx_word' id='word_1_66' title='bbox 983 877 1033 936; x_wconf 87' lang='lat' dir='ltr'><strong>isti</strong></span> <span class='ocrx_word' id='word_1_67' title='bbox 1049 899 1126 940; x_wconf 82' lang='lat' dir='ltr'><strong>con-</strong></span> 
     </span>
    </p>

    <p class='ocr_par' dir='ltr' id='par_1_7' title="bbox 70 953 1218 1221">
     <span class='ocr_line' id='line_1_8' title="bbox 71 953 1218 1042; baseline 0.007 -22"><span class='ocrx_word' id='word_1_68' title='bbox 71 976 122 1020; x_wconf 87' lang='lat' dir='ltr'><strong>tra</strong></span> <span class='ocrx_word' id='word_1_69' title='bbox 136 959 253 1042; x_wconf 80' lang='lat' dir='ltr'>pubem</span> <span class='ocrx_word' id='word_1_70' title='bbox 268 955 442 1017; x_wconf 81' lang='lat' dir='ltr'><strong>armatam?</strong></span> <span class='ocrx_word' id='word_1_71' title='bbox 453 975 551 1037; x_wconf 88' lang='lat' dir='ltr'><strong>quum</strong></span> <span class='ocrx_word' id='word_1_72' title='bbox 565 957 609 1015; x_wconf 85' lang='lat' dir='ltr'><strong>ait</strong></span> <span class='ocrx_word' id='word_1_73' title='bbox 625 953 718 1030; x_wconf 72' lang='lat' dir='ltr'><strong>lectus,</strong></span> <span class='ocrx_word' id='word_1_74' title='bbox 731 976 826 1016; x_wconf 88' lang='lat' dir='ltr'><strong>omen</strong></span> <span class='ocrx_word' id='word_1_75' title='bbox 839 959 966 1019; x_wconf 85' lang='lat' dir='ltr'><strong>excitat:</strong></span> <span class='ocrx_word' id='word_1_76' title='bbox 980 979 1126 1027; x_wconf 85' lang='lat' dir='ltr'><strong>movetur</strong></span> <span class='ocrx_word' id='word_1_77' title='bbox 1217 1014 1218 1017; x_wconf 17' lang='grc' dir='ltr'>η</span> 
     </span>
     <span class='ocr_line' id='line_1_9' title="bbox 70 1046 1124 1130; baseline 0.008 -22"><span class='ocrx_word' id='word_1_78' title='bbox 70 1048 206 1108; x_wconf 81' lang='lat' dir='ltr'><strong>affectus</strong></span> <span class='ocrx_word' id='word_1_79' title='bbox 228 1049 262 1107; x_wconf 90' lang='lat' dir='ltr'><strong>in</strong></span> <span class='ocrx_word' id='word_1_80' title='bbox 284 1046 360 1122; x_wconf 88' lang='lat' dir='ltr'><strong>illis,</strong></span> <span class='ocrx_word' id='word_1_81' title='bbox 378 1048 525 1128; x_wconf 82' lang='lat' dir='ltr'><strong>pictasque</strong></span> <span class='ocrx_word' id='word_1_82' title='bbox 540 1067 629 1106; x_wconf 83' lang='lat' dir='ltr'><strong>exure</strong></span> <span class='ocrx_word' id='word_1_83' title='bbox 642 1048 771 1120; x_wconf 71' lang='lat' dir='ltr'><strong>surinus,</strong></span> <span class='ocrx_word' id='word_1_84' title='bbox 792 1065 890 1127; x_wconf 87' lang='lat' dir='ltr'><strong>quum</strong></span> <span class='ocrx_word' id='word_1_85' title='bbox 908 1069 980 1130; x_wconf 90' lang='lat' dir='ltr'><strong>pars</strong></span> <span class='ocrx_word' id='word_1_86' title='bbox 994 1057 1124 1116; x_wconf 87' lang='lat' dir='ltr'><strong>navium</strong></span> 
     </span>
     <span class='ocr_line' id='line_1_10' title="bbox 70 1135 420 1221; baseline -0.009 -22"><span class='ocrx_word' id='word_1_87' title='bbox 70 1140 242 1221; x_wconf 73' lang='lat' dir='ltr'><strong>pretiosior</strong></span> <span class='ocrx_word' id='word_1_88' title='bbox 255 1135 420 1196; x_wconf 85' lang='lat' dir='ltr'><strong>exurenda.</strong></span> 
     </span>
    </p>

    <p class='ocr_par' dir='ltr' id='par_1_8' title="bbox 39 1225 1130 1849">
     <span class='ocr_line' id='line_1_11' title="bbox 114 1225 1129 1314; baseline 0.006 -26"><span class='ocrx_word' id='word_1_89' title='bbox 114 1225 185 1302; x_wconf 65' lang='lat' dir='ltr'><strong>lida.</strong></span> <span class='ocrx_word' id='word_1_90' title='bbox 196 1229 226 1286; x_wconf 87' lang='lat' dir='ltr'><strong>Si</strong></span> <span class='ocrx_word' id='word_1_91' title='bbox 236 1225 303 1286; x_wconf 84' lang='lat' dir='ltr'><strong>vult</strong></span> <span class='ocrx_word' id='word_1_92' title='bbox 313 1229 411 1301; x_wconf 89' lang='lat' dir='ltr'><strong>Juuo,</strong></span> <span class='ocrx_word' id='word_1_93' title='bbox 423 1237 460 1284; x_wconf 88' lang='lat' dir='ltr'><strong>ut</strong></span> <span class='ocrx_word' id='word_1_94' title='bbox 469 1227 521 1284; x_wconf 84' lang='lat' dir='ltr'><strong>isti</strong></span> <span class='ocrx_word' id='word_1_95' title='bbox 532 1227 636 1284; x_wconf 85' lang='lat' dir='ltr'><strong>miseri</strong></span> <span class='ocrx_word' id='word_1_96' title='bbox 648 1225 787 1285; x_wconf 88' lang='lat' dir='ltr'><strong>latrones</strong></span> <span class='ocrx_word' id='word_1_97' title='bbox 796 1225 1016 1308; x_wconf 73' lang='lat' dir='ltr'><strong>profligentur,</strong></span> <span class='ocrx_word' id='word_1_98' title='bbox 1026 1233 1129 1314; x_wconf 76' lang='lat' dir='ltr'><strong>liquet</strong></span> 
     </span>
     <span class='ocr_line' id='line_1_12' title="bbox 68 1313 1126 1401; baseline 0.006 -24"><span class='ocrx_word' id='word_1_99' title='bbox 68 1319 208 1401; x_wconf 75' lang='lat' dir='ltr'><strong>proinde</strong></span> <span class='ocrx_word' id='word_1_100' title='bbox 223 1316 393 1376; x_wconf 77' lang='lat' dir='ltr'><strong>caelestium</strong></span> <span class='ocrx_word' id='word_1_101' title='bbox 406 1315 550 1373; x_wconf 86' lang='lat' dir='ltr'><strong>omniurn</strong></span> <span class='ocrx_word' id='word_1_102' title='bbox 561 1313 757 1374; x_wconf 85' lang='lat' dir='ltr'><strong>voluntatem</strong></span> <span class='ocrx_word' id='word_1_103' title='bbox 770 1313 852 1374; x_wconf 88' lang='lat' dir='ltr'><strong>hanc</strong></span> <span class='ocrx_word' id='word_1_104' title='bbox 865 1336 945 1376; x_wconf 80' lang='lat' dir='ltr'><strong>csse:</strong></span> <span class='ocrx_word' id='word_1_105' title='bbox 960 1322 1029 1400; x_wconf 88' lang='lat' dir='ltr'><strong>quis</strong></span> <span class='ocrx_word' id='word_1_106' title='bbox 1041 1325 1126 1383; x_wconf 86' lang='lat' dir='ltr'><strong>enirn</strong></span> 
     </span>
     <span class='ocr_line' id='line_1_13' title="bbox 69 1401 1125 1485; baseline 0.004 -18"><span class='ocrx_word' id='word_1_107' title='bbox 69 1409 215 1467; x_wconf 85' lang='lat' dir='ltr'><strong>Deorum</strong></span> <span class='ocrx_word' id='word_1_108' title='bbox 235 1404 282 1465; x_wconf 90' lang='lat' dir='ltr'><strong>illi</strong></span> <span class='ocrx_word' id='word_1_109' title='bbox 302 1401 477 1485; x_wconf 78' lang='lat' dir='ltr'><strong>repugnet?</strong></span> <span class='ocrx_word' id='word_1_110' title='bbox 497 1421 585 1484; x_wconf 73' lang='lat' dir='ltr'><strong>ergo,</strong></span> <span class='ocrx_word' id='word_1_111' title='bbox 606 1424 625 1462; x_wconf 94' lang='lat' dir='ltr'><strong>o</strong></span> <span class='ocrx_word' id='word_1_112' title='bbox 643 1406 762 1479; x_wconf 86' lang='lat' dir='ltr'><strong>Turne,</strong></span> <span class='ocrx_word' id='word_1_113' title='bbox 781 1405 895 1464; x_wconf 88' lang='lat' dir='ltr'><strong>iratum</strong></span> <span class='ocrx_word' id='word_1_114' title='bbox 914 1419 944 1466; x_wconf 87' lang='lat' dir='ltr'><strong>te</strong></span> <span class='ocrx_word' id='word_1_115' title='bbox 963 1421 992 1468; x_wconf 82' lang='lat' dir='ltr'><strong>ct</strong></span> <span class='ocrx_word' id='word_1_116' title='bbox 1009 1407 1125 1473; x_wconf 85' lang='lat' dir='ltr'><strong>fortem</strong></span> 
     </span>
     <span class='ocr_line' id='line_1_14' title="bbox 70 1485 1130 1582; baseline 0.004 -27"><span class='ocrx_word' id='word_1_117' title='bbox 70 1493 187 1556; x_wconf 79' lang='lat' dir='ltr'><strong>exhibe</strong></span> <span class='ocrx_word' id='word_1_118' title='bbox 198 1496 231 1553; x_wconf 93' lang='lat' dir='ltr'><strong>in</strong></span> <span class='ocrx_word' id='word_1_119' title='bbox 242 1493 403 1566; x_wconf 87' lang='lat' dir='ltr'><strong>Latinum,</strong></span> <span class='ocrx_word' id='word_1_120' title='bbox 420 1491 481 1550; x_wconf 87' lang='lat' dir='ltr'><strong>nisi</strong></span> <span class='ocrx_word' id='word_1_121' title='bbox 493 1490 580 1550; x_wconf 89' lang='lat' dir='ltr'><strong>dicto</strong></span> <span class='ocrx_word' id='word_1_122' title='bbox 595 1493 727 1552; x_wconf 88' lang='lat' dir='ltr'><strong>steterit.</strong></span> <span class='ocrx_word' id='word_1_123' title='bbox 739 1491 836 1568; x_wconf 87' lang='lat' dir='ltr'><strong>lllud,</strong></span> <span class='ocrx_word' id='word_1_124' title='bbox 851 1495 921 1574; x_wconf 84' lang='lat' dir='ltr'><strong>ipse,</strong></span> <span class='ocrx_word' id='word_1_125' title='bbox 933 1485 1130 1582; x_wconf 71' lang='grc' dir='ltr'>ἕμφατικατέρως</span> 
     </span>
     <span class='ocr_line' id='line_1_15' title="bbox 72 1579 1126 1668; baseline -0.006 -26"><span class='ocrx_word' id='word_1_126' title='bbox 72 1583 212 1658; x_wconf 83' lang='lat' dir='ltr'><strong>dictum,</strong></span> <span class='ocrx_word' id='word_1_127' title='bbox 229 1595 259 1642; x_wconf 88' lang='lat' dir='ltr'><strong>et</strong></span> <span class='ocrx_word' id='word_1_128' title='bbox 273 1583 303 1640; x_wconf 84' lang='lat' dir='ltr'><strong>vi</strong></span> <span class='ocrx_word' id='word_1_129' title='bbox 316 1597 446 1660; x_wconf 78' lang='lat' dir='ltr'><strong>magna,</strong></span> <span class='ocrx_word' id='word_1_130' title='bbox 459 1599 554 1659; x_wconf 88' lang='lat' dir='ltr'><strong>quam</strong></span> <span class='ocrx_word' id='word_1_131' title='bbox 569 1579 717 1660; x_wconf 86' lang='lat' dir='ltr'><strong>expendit</strong></span> <span class='ocrx_word' id='word_1_132' title='bbox 729 1582 888 1640; x_wconf 84' lang='lat' dir='ltr'><strong>Donatus:</strong></span> <span class='ocrx_word' id='word_1_133' title='bbox 905 1584 985 1665; x_wconf 86' lang='lat' dir='ltr'><strong>ipse,</strong></span> <span class='ocrx_word' id='word_1_134' title='bbox 998 1587 1052 1668; x_wconf 87' lang='lat' dir='ltr'><strong>qni</strong></span> <span class='ocrx_word' id='word_1_135' title='bbox 1066 1588 1126 1647; x_wconf 73' lang='lat' dir='ltr'><strong>fat.</strong></span> 
     </span>
     <span class='ocr_line' id='line_1_16' title="bbox 69 1668 1127 1756; baseline 0.005 -24"><span class='ocrx_word' id='word_1_136' title='bbox 69 1673 129 1747; x_wconf 85' lang='lat' dir='ltr'><strong>lit3</strong></span> <span class='ocrx_word' id='word_1_137' title='bbox 144 1675 197 1754; x_wconf 91' lang='lat' dir='ltr'><strong>qui</strong></span> <span class='ocrx_word' id='word_1_138' title='bbox 210 1689 284 1731; x_wconf 84' lang='lat' dir='ltr'><strong>usus</strong></span> <span class='ocrx_word' id='word_1_139' title='bbox 301 1684 356 1728; x_wconf 87' lang='lat' dir='ltr'><strong>tuo</strong></span> <span class='ocrx_word' id='word_1_140' title='bbox 371 1671 525 1749; x_wconf 75' lang='lat' dir='ltr'><strong>sanguina</strong></span> <span class='ocrx_word' id='word_1_141' title='bbox 540 1669 579 1728; x_wconf 85' lang='lat' dir='ltr'><strong>ad</strong></span> <span class='ocrx_word' id='word_1_142' title='bbox 595 1671 641 1728; x_wconf 87' lang='lat' dir='ltr'><strong>sui</strong></span> <span class='ocrx_word' id='word_1_143' title='bbox 658 1668 927 1747; x_wconf 66' lang='lat' dir='ltr'><strong>incolumitatem</strong></span> <span class='ocrx_word' id='word_1_144' title='bbox 943 1676 995 1754; x_wconf 90' lang='lat' dir='ltr'><strong>qui</strong></span> <span class='ocrx_word' id='word_1_145' title='bbox 1009 1679 1127 1756; x_wconf 79' lang='lat' dir='ltr'><strong>promi-</strong></span> 
     </span>
     <span class='ocr_line' id='line_1_17' title="bbox 39 1757 1128 1849; baseline 0.003 -25"><span class='ocrx_word' id='word_1_146' title='bbox 39 1845 42 1849; x_wconf 23' lang='lat'><strong>,</strong></span> <span class='ocrx_word' id='word_1_147' title='bbox 72 1765 119 1824; x_wconf 80' lang='lat' dir='ltr'><strong>sit</strong></span> <span class='ocrx_word' id='word_1_148' title='bbox 133 1764 191 1823; x_wconf 86' lang='lat' dir='ltr'><strong>tibi</strong></span> <span class='ocrx_word' id='word_1_149' title='bbox 207 1761 351 1842; x_wconf 87' lang='lat' dir='ltr'><strong>nuptias;</strong></span> <span class='ocrx_word' id='word_1_150' title='bbox 365 1759 420 1838; x_wconf 91' lang='lat' dir='ltr'><strong>qui</strong></span> <span class='ocrx_word' id='word_1_151' title='bbox 432 1757 576 1832; x_wconf 83' lang='lat' dir='ltr'><strong>mobilis3</strong></span> <span class='ocrx_word' id='word_1_152' title='bbox 590 1759 644 1838; x_wconf 90' lang='lat' dir='ltr'><strong>qui</strong></span> <span class='ocrx_word' id='word_1_153' title='bbox 657 1759 815 1840; x_wconf 58' lang='lat' dir='ltr'><strong>ingratum</strong></span> <span class='ocrx_word' id='word_1_154' title='bbox 828 1761 884 1840; x_wconf 85' lang='lat' dir='ltr'><strong>qni</strong></span> <span class='ocrx_word' id='word_1_155' title='bbox 895 1759 991 1842; x_wconf 88' lang='lat' dir='ltr'><strong>hujus</strong></span> <span class='ocrx_word' id='word_1_156' title='bbox 1003 1763 1128 1846; x_wconf 70' lang='lat' dir='ltr'><strong>injuria</strong></span> 
     </span>
    </p>

    <p class='ocr_par' dir='ltr' id='par_1_9' title="bbox 71 1847 1126 2027">
     <span class='ocr_line' id='line_1_18' title="bbox 72 1847 1126 1931; baseline 0.002 -17"><span class='ocrx_word' id='word_1_157' title='bbox 72 1865 188 1914; x_wconf 81' lang='lat' dir='ltr'><strong>auctor</strong></span> <span class='ocrx_word' id='word_1_158' title='bbox 200 1873 264 1914; x_wconf 86' lang='lat' dir='ltr'><strong>esse</strong></span> <span class='ocrx_word' id='word_1_159' title='bbox 277 1871 341 1909; x_wconf 93' lang='lat' dir='ltr'><strong>non</strong></span> <span class='ocrx_word' id='word_1_160' title='bbox 357 1847 481 1922; x_wconf 85' lang='lat' dir='ltr'><strong>debuit3</strong></span> <span class='ocrx_word' id='word_1_161' title='bbox 494 1849 519 1907; x_wconf 85' lang='lat' dir='ltr'><strong>is</strong></span> <span class='ocrx_word' id='word_1_162' title='bbox 532 1861 562 1907; x_wconf 89' lang='lat' dir='ltr'><strong>te</strong></span> <span class='ocrx_word' id='word_1_163' title='bbox 574 1849 691 1908; x_wconf 85' lang='lat' dir='ltr'><strong>iratum</strong></span> <span class='ocrx_word' id='word_1_164' title='bbox 706 1850 899 1930; x_wconf 65' lang='lat' dir='ltr'><strong>asperitatum</strong></span> <span class='ocrx_word' id='word_1_165' title='bbox 914 1865 945 1911; x_wconf 90' lang='lat' dir='ltr'><strong>et</strong></span> <span class='ocrx_word' id='word_1_166' title='bbox 959 1867 1071 1915; x_wconf 88' lang='lat' dir='ltr'><strong>contra</strong></span> <span class='ocrx_word' id='word_1_167' title='bbox 1080 1875 1126 1931; x_wconf 88' lang='lat' dir='ltr'><strong>se,</strong></span> 
     </span>
     <span class='ocr_line' id='line_1_19' title="bbox 71 1937 714 2027; baseline -0.011 -24"><span class='ocrx_word' id='word_1_168' title='bbox 71 1945 132 2027; x_wconf 87' lang='lat' dir='ltr'><strong>qui</strong></span> <span class='ocrx_word' id='word_1_169' title='bbox 145 1961 203 2024; x_wconf 88' lang='lat' dir='ltr'><strong>pro</strong></span> <span class='ocrx_word' id='word_1_170' title='bbox 219 1962 251 2000; x_wconf 84' lang='lat' dir='ltr'><strong>se</strong></span> <span class='ocrx_word' id='word_1_171' title='bbox 266 1939 464 1998; x_wconf 83' lang='lat' dir='ltr'><strong>laborantem</strong></span> <span class='ocrx_word' id='word_1_172' title='bbox 479 1957 543 1996; x_wconf 90' lang='lat' dir='ltr'><strong>non</strong></span> <span class='ocrx_word' id='word_1_173' title='bbox 559 1937 714 2018; x_wconf 83' lang='lat' dir='ltr'><strong>probarit.</strong></span> 
     </span>
    </p>

    <p class='ocr_par' dir='ltr' id='par_1_10' title="bbox 67 2025 1131 2644">
     <span class='ocr_line' id='line_1_20' title="bbox 115 2025 1126 2110; baseline 0.001 -17"><span class='ocrx_word' id='word_1_174' title='bbox 115 2031 185 2109; x_wconf 82' lang='grc'><strong>435.</strong></span> <span class='ocrx_word' id='word_1_175' title='bbox 201 2032 315 2104; x_wconf 84' lang='lat' dir='ltr'><strong>irrisit,</strong></span> <span class='ocrx_word' id='word_1_176' title='bbox 337 2029 410 2109; x_wconf 88' lang='lat' dir='ltr'><strong>quia</strong></span> <span class='ocrx_word' id='word_1_177' title='bbox 419 2025 563 2108; x_wconf 78' lang='lat' dir='ltr'><strong>juvenis:</strong></span> <span class='ocrx_word' id='word_1_178' title='bbox 587 2030 750 2110; x_wconf 82' lang='lat' dir='ltr'><strong>utriusque</strong></span> <span class='ocrx_word' id='word_1_179' title='bbox 764 2029 862 2099; x_wconf 78' lang='lat' dir='ltr'><strong>aetatis</strong></span> <span class='ocrx_word' id='word_1_180' title='bbox 877 2042 1010 2090; x_wconf 80' lang='lat' dir='ltr'><strong>etseras</strong></span> <span class='ocrx_word' id='word_1_181' title='bbox 1026 2053 1126 2094; x_wconf 86' lang='lat' dir='ltr'><strong>mores</strong></span> 
     </span>
     <span class='ocr_line' id='line_1_21' title="bbox 70 2115 1130 2201; baseline -0.005 -16"><span class='ocrx_word' id='word_1_182' title='bbox 70 2133 245 2186; x_wconf 87' lang='lat' dir='ltr'><strong>notantur:</strong></span> <span class='ocrx_word' id='word_1_183' title='bbox 266 2117 405 2192; x_wconf 81' lang='lat' dir='ltr'><strong>laminae,</strong></span> <span class='ocrx_word' id='word_1_184' title='bbox 426 2128 456 2176; x_wconf 89' lang='lat' dir='ltr'><strong>et</strong></span> <span class='ocrx_word' id='word_1_185' title='bbox 468 2135 554 2175; x_wconf 85' lang='lat' dir='ltr'><strong>senes</strong></span> <span class='ocrx_word' id='word_1_186' title='bbox 565 2115 741 2174; x_wconf 79' lang='lat' dir='ltr'><strong>timidiores</strong></span> <span class='ocrx_word' id='word_1_187' title='bbox 753 2127 840 2188; x_wconf 84' lang='lat' dir='ltr'><strong>sunt,</strong></span> <span class='ocrx_word' id='word_1_188' title='bbox 853 2135 948 2196; x_wconf 88' lang='lat' dir='ltr'><strong>quarn</strong></span> <span class='ocrx_word' id='word_1_189' title='bbox 961 2120 1043 2178; x_wconf 85' lang='lat' dir='ltr'><strong>ratio</strong></span> <span class='ocrx_word' id='word_1_190' title='bbox 1056 2139 1130 2201; x_wconf 61' lang='lat' dir='ltr'><strong>pos*</strong></span> 
     </span>
     <span class='ocr_line' id='line_1_22' title="bbox 67 2204 1128 2289; baseline -0.003 -16"><span class='ocrx_word' id='word_1_191' title='bbox 67 2212 174 2274; x_wconf 86' lang='lat' dir='ltr'><strong>tulet:</strong></span> <span class='ocrx_word' id='word_1_192' title='bbox 194 2207 322 2289; x_wconf 83' lang='lat' dir='ltr'><strong>juvenes</strong></span> <span class='ocrx_word' id='word_1_193' title='bbox 337 2225 483 2286; x_wconf 85' lang='lat' dir='ltr'><strong>procaces</strong></span> <span class='ocrx_word' id='word_1_194' title='bbox 503 2204 542 2262; x_wconf 90' lang='lat' dir='ltr'><strong>ad</strong></span> <span class='ocrx_word' id='word_1_195' title='bbox 562 2204 804 2263; x_wconf 84' lang='lat' dir='ltr'><strong>contumeliam:</strong></span> <span class='ocrx_word' id='word_1_196' title='bbox 825 2204 898 2262; x_wconf 88' lang='lat' dir='ltr'><strong>ideo</strong></span> <span class='ocrx_word' id='word_1_197' title='bbox 915 2219 990 2285; x_wconf 84' lang='lat' dir='ltr'><strong>post</strong></span> <span class='ocrx_word' id='word_1_198' title='bbox 1008 2223 1128 2270; x_wconf 84' lang='lat' dir='ltr'><strong>metum</strong></span> 
     </span>
     <span class='ocr_line' id='line_1_23' title="bbox 70 2290 1130 2374; baseline -0.005 -12"><span class='ocrx_word' id='word_1_199' title='bbox 70 2296 209 2362; x_wconf 67' lang='lat' dir='ltr'><strong>anicula</strong></span> <span class='ocrx_word' id='word_1_200' title='bbox 221 2295 384 2354; x_wconf 83' lang='lat' dir='ltr'><strong>inducitur</strong></span> <span class='ocrx_word' id='word_1_201' title='bbox 392 2291 517 2372; x_wconf 85' lang='lat' dir='ltr'><strong>juvenis</strong></span> <span class='ocrx_word' id='word_1_202' title='bbox 527 2290 719 2352; x_wconf 82' lang='lat' dir='ltr'><strong>confidentia</strong></span> <span class='ocrx_word' id='word_1_203' title='bbox 729 2303 759 2351; x_wconf 92' lang='lat' dir='ltr'><strong>et</strong></span> <span class='ocrx_word' id='word_1_204' title='bbox 769 2291 1051 2374; x_wconf 62' lang='lat' dir='ltr'><strong>despectussltud,</strong></span> <span class='ocrx_word' id='word_1_205' title='bbox 1064 2317 1130 2357; x_wconf 83' lang='lat' dir='ltr'><strong>orsu</strong></span> 
     </span>
     <span class='ocr_line' id='line_1_24' title="bbox 69 2379 1129 2462; baseline -0.004 -14"><span class='ocrx_word' id='word_1_206' title='bbox 69 2385 202 2449; x_wconf 80' lang='lat' dir='ltr'><strong>vicissim</strong></span> <span class='ocrx_word' id='word_1_207' title='bbox 211 2401 262 2440; x_wconf 85' lang='lat' dir='ltr'><strong>ore</strong></span> <span class='ocrx_word' id='word_1_208' title='bbox 276 2380 373 2462; x_wconf 77' lang='lat' dir='ltr'><strong>refert,</strong></span> <span class='ocrx_word' id='word_1_209' title='bbox 387 2381 477 2460; x_wconf 84' lang='lat' dir='ltr'><strong>qnasi</strong></span> <span class='ocrx_word' id='word_1_210' title='bbox 489 2379 572 2439; x_wconf 87' lang='lat' dir='ltr'><strong>dicat</strong></span> <span class='ocrx_word' id='word_1_211' title='bbox 582 2401 590 2453; x_wconf 84' lang='lat'>3</span> <span class='ocrx_word' id='word_1_212' title='bbox 602 2381 732 2438; x_wconf 81' lang='lat' dir='ltr'><strong>resarcit</strong></span> <span class='ocrx_word' id='word_1_213' title='bbox 746 2397 818 2439; x_wconf 81' lang='lat' dir='ltr'><strong>orsa</strong></span> <span class='ocrx_word' id='word_1_214' title='bbox 830 2380 997 2442; x_wconf 83' lang='lat' dir='ltr'><strong>verborum</strong></span> <span class='ocrx_word' id='word_1_215' title='bbox 1009 2385 1129 2444; x_wconf 86' lang='lat' dir='ltr'><strong>vicissi-</strong></span> 
     </span>
     <span class='ocr_line' id='line_1_25' title="bbox 68 2466 1131 2552; baseline -0.001 -17"><span class='ocrx_word' id='word_1_216' title='bbox 68 2473 203 2538; x_wconf 89' lang='lat' dir='ltr'><strong>tudine:</strong></span> <span class='ocrx_word' id='word_1_217' title='bbox 225 2466 303 2552; x_wconf 90' lang='lat' dir='ltr'><strong>quid</strong></span> <span class='ocrx_word' id='word_1_218' title='bbox 321 2487 394 2526; x_wconf 86' lang='lat' dir='ltr'><strong>vero</strong></span> <span class='ocrx_word' id='word_1_219' title='bbox 411 2469 536 2528; x_wconf 87' lang='lat' dir='ltr'><strong>Turnus</strong></span> <span class='ocrx_word' id='word_1_220' title='bbox 552 2468 592 2526; x_wconf 89' lang='lat' dir='ltr'><strong>ad</strong></span> <span class='ocrx_word' id='word_1_221' title='bbox 608 2468 724 2528; x_wconf 80' lang='lat' dir='ltr'><strong>anum?</strong></span> <span class='ocrx_word' id='word_1_222' title='bbox 743 2471 809 2528; x_wconf 85' lang='lat' dir='ltr'><strong>scio</strong></span> <span class='ocrx_word' id='word_1_223' title='bbox 822 2468 955 2530; x_wconf 76' lang='lat' dir='ltr'><strong>classem</strong></span> <span class='ocrx_word' id='word_1_224' title='bbox 968 2471 1131 2534; x_wconf 50' lang='lat' dir='ltr'><strong>advectam¹</strong></span> 
     </span>
     <span class='ocr_line' id='line_1_26' title="bbox 70 2557 1126 2644; baseline -0.004 -17"><span class='ocrx_word' id='word_1_225' title='bbox 70 2570 109 2627; x_wconf 89' lang='lat' dir='ltr'><strong>in</strong></span> <span class='ocrx_word' id='word_1_226' title='bbox 120 2561 260 2635; x_wconf 82' lang='lat' dir='ltr'><strong>ltaliam3</strong></span> <span class='ocrx_word' id='word_1_227' title='bbox 271 2559 338 2618; x_wconf 85' lang='lat' dir='ltr'><strong>scio</strong></span> <span class='ocrx_word' id='word_1_228' title='bbox 344 2573 450 2618; x_wconf 85' lang='lat' dir='ltr'><strong>curam</strong></span> <span class='ocrx_word' id='word_1_229' title='bbox 458 2557 593 2618; x_wconf 88' lang='lat' dir='ltr'><strong>Junonis</strong></span> <span class='ocrx_word' id='word_1_230' title='bbox 603 2579 674 2639; x_wconf 75' lang='lat' dir='ltr'><strong>erga</strong></span> <span class='ocrx_word' id='word_1_231' title='bbox 682 2579 747 2634; x_wconf 82' lang='lat' dir='ltr'><strong>me3</strong></span> <span class='ocrx_word' id='word_1_232' title='bbox 758 2557 884 2619; x_wconf 88' lang='lat' dir='ltr'><strong>nemihi</strong></span> <span class='ocrx_word' id='word_1_233' title='bbox 894 2575 994 2621; x_wconf 86' lang='lat' dir='ltr'><strong>metus</strong></span> <span class='ocrx_word' id='word_1_234' title='bbox 1003 2583 1126 2644; x_wconf 73' lang='lat' dir='ltr'><strong>aggere.</strong></span> 
     </span>
    </p>

    <p class='ocr_par' dir='ltr' id='par_1_11' title="bbox 69 2648 1129 3266">
     <span class='ocr_line' id='line_1_27' title="bbox 114 2648 1128 2729; baseline 0.003 -19"><span class='ocrx_word' id='word_1_235' title='bbox 114 2649 186 2727; x_wconf 83' lang='grc'><strong>440.</strong></span> <span class='ocrx_word' id='word_1_236' title='bbox 202 2648 353 2722; x_wconf 77' lang='lat' dir='ltr'><strong>Labores,</strong></span> <span class='ocrx_word' id='word_1_237' title='bbox 370 2668 390 2706; x_wconf 93' lang='lat' dir='ltr'><strong>o</strong></span> <span class='ocrx_word' id='word_1_238' title='bbox 405 2660 518 2723; x_wconf 88' lang='lat' dir='ltr'><strong>mater,</strong></span> <span class='ocrx_word' id='word_1_239' title='bbox 538 2649 635 2708; x_wconf 84' lang='lat' dir='ltr'><strong>aetatis</strong></span> <span class='ocrx_word' id='word_1_240' title='bbox 648 2661 678 2707; x_wconf 91' lang='lat' dir='ltr'><strong>et</strong></span> <span class='ocrx_word' id='word_1_241' title='bbox 691 2665 780 2708; x_wconf 86' lang='lat' dir='ltr'><strong>sexus</strong></span> <span class='ocrx_word' id='word_1_242' title='bbox 795 2649 891 2707; x_wconf 76' lang='lat' dir='ltr'><strong>vitiot</strong></span> <span class='ocrx_word' id='word_1_243' title='bbox 911 2652 985 2729; x_wconf 90' lang='lat' dir='ltr'><strong>quia</strong></span> <span class='ocrx_word' id='word_1_244' title='bbox 999 2671 1082 2712; x_wconf 81' lang='lat' dir='ltr'><strong>curae</strong></span> <span class='ocrx_word' id='word_1_245' title='bbox 1097 2665 1128 2712; x_wconf 89' lang='lat' dir='ltr'><strong>te</strong></span> 
     </span>
     <span class='ocr_line' id='line_1_28' title="bbox 71 2734 1128 2822; baseline -0.001 -23"><span class='ocrx_word' id='word_1_246' title='bbox 71 2741 248 2822; x_wconf 77' lang='lat' dir='ltr'><strong>exagitant,</strong></span> <span class='ocrx_word' id='word_1_247' title='bbox 261 2757 330 2819; x_wconf 85' lang='lat' dir='ltr'><strong>quaa</strong></span> <span class='ocrx_word' id='word_1_248' title='bbox 341 2756 406 2794; x_wconf 91' lang='lat' dir='ltr'><strong>non</strong></span> <span class='ocrx_word' id='word_1_249' title='bbox 420 2749 493 2794; x_wconf 91' lang='lat' dir='ltr'><strong>sunt</strong></span> <span class='ocrx_word' id='word_1_250' title='bbox 507 2739 604 2796; x_wconf 86' lang='lat' dir='ltr'><strong>aetatis</strong></span> <span class='ocrx_word' id='word_1_251' title='bbox 618 2750 694 2810; x_wconf 88' lang='lat' dir='ltr'><strong>tuae;</strong></span> <span class='ocrx_word' id='word_1_252' title='bbox 708 2748 738 2795; x_wconf 86' lang='lat' dir='ltr'><strong>et</strong></span> <span class='ocrx_word' id='word_1_253' title='bbox 750 2734 846 2809; x_wconf 88' lang='lat' dir='ltr'><strong>bella,</strong></span> <span class='ocrx_word' id='word_1_254' title='bbox 861 2757 930 2817; x_wconf 82' lang='lat' dir='ltr'><strong>quae</strong></span> <span class='ocrx_word' id='word_1_255' title='bbox 943 2758 1044 2818; x_wconf 87' lang='lat' dir='ltr'><strong>neque</strong></span> <span class='ocrx_word' id='word_1_256' title='bbox 1056 2752 1128 2798; x_wconf 86' lang='lat' dir='ltr'><strong>aeta-</strong></span> 
     </span>
     <span class='ocr_line' id='line_1_29' title="bbox 70 2825 1128 2908; baseline -0.003 -17"><span class='ocrx_word' id='word_1_257' title='bbox 70 2833 132 2905; x_wconf 85' lang='lat' dir='ltr'><strong>tis,</strong></span> <span class='ocrx_word' id='word_1_258' title='bbox 148 2847 248 2908; x_wconf 87' lang='lat' dir='ltr'><strong>neque</strong></span> <span class='ocrx_word' id='word_1_259' title='bbox 263 2845 369 2886; x_wconf 84' lang='lat' dir='ltr'><strong>sexus:</strong></span> <span class='ocrx_word' id='word_1_260' title='bbox 386 2839 524 2884; x_wconf 86' lang='lat' dir='ltr'><strong>senectus</strong></span> <span class='ocrx_word' id='word_1_261' title='bbox 535 2827 609 2886; x_wconf 81' lang='lat' dir='ltr'><strong>uicta</strong></span> <span class='ocrx_word' id='word_1_262' title='bbox 621 2827 692 2900; x_wconf 83' lang='lat' dir='ltr'><strong>situ,</strong></span> <span class='ocrx_word' id='word_1_263' title='bbox 708 2835 753 2884; x_wconf 88' lang='lat' dir='ltr'><strong>est</strong></span> <span class='ocrx_word' id='word_1_264' title='bbox 764 2837 907 2885; x_wconf 90' lang='lat' dir='ltr'><strong>senectus</strong></span> <span class='ocrx_word' id='word_1_265' title='bbox 920 2825 1019 2885; x_wconf 81' lang='lat' dir='ltr'><strong>multa</strong></span> <span class='ocrx_word' id='word_1_266' title='bbox 1031 2845 1128 2888; x_wconf 89' lang='lat' dir='ltr'><strong>anno·</strong></span> 
     </span>
     <span class='ocr_line' id='line_1_30' title="bbox 69 2913 1126 2998; baseline -0.003 -18"><span class='ocrx_word' id='word_1_267' title='bbox 69 2939 148 2984; x_wconf 85' lang='lat' dir='ltr'><strong>rum</strong></span> <span class='ocrx_word' id='word_1_268' title='bbox 160 2916 365 2980; x_wconf 87' lang='lat' dir='ltr'><strong>diuturnitate</strong></span> <span class='ocrx_word' id='word_1_269' title='bbox 377 2929 566 2996; x_wconf 86' lang='lat' dir='ltr'><strong>consumpta</strong></span> <span class='ocrx_word' id='word_1_270' title='bbox 577 2937 585 2974; x_wconf 76' lang='grc' dir='ltr'><em>τ</em></span> <span class='ocrx_word' id='word_1_271' title='bbox 598 2928 740 2974; x_wconf 80' lang='lat' dir='ltr'><strong>senectus</strong></span> <span class='ocrx_word' id='word_1_272' title='bbox 755 2917 815 2974; x_wconf 78' lang='lat' dir='ltr'><strong>veri</strong></span> <span class='ocrx_word' id='word_1_273' title='bbox 825 2913 936 2998; x_wconf 70' lang='lat' dir='ltr'><strong>effata,</strong></span> <span class='ocrx_word' id='word_1_274' title='bbox 952 2926 1010 2992; x_wconf 87' lang='lat' dir='ltr'><strong>est,</strong></span> <span class='ocrx_word' id='word_1_275' title='bbox 1025 2937 1126 2993; x_wconf 83' lang='lat' dir='ltr'><strong>cassa,</strong></span> 
     </span>
     <span class='ocr_line' id='line_1_31' title="bbox 71 3003 1129 3088; baseline -0.004 -18"><span class='ocrx_word' id='word_1_276' title='bbox 71 3025 247 3087; x_wconf 82' lang='lat' dir='ltr'><strong>carensque</strong></span> <span class='ocrx_word' id='word_1_277' title='bbox 263 3003 417 3078; x_wconf 77' lang='lat' dir='ltr'><strong>veritatiS,</strong></span> <span class='ocrx_word' id='word_1_278' title='bbox 436 3016 467 3062; x_wconf 89' lang='lat' dir='ltr'><strong>et</strong></span> <span class='ocrx_word' id='word_1_279' title='bbox 484 3006 572 3084; x_wconf 84' lang='lat' dir='ltr'><strong>quasi</strong></span> <span class='ocrx_word' id='word_1_280' title='bbox 590 3017 737 3064; x_wconf 86' lang='lat' dir='ltr'><strong>enervata</strong></span> <span class='ocrx_word' id='word_1_281' title='bbox 754 3024 771 3061; x_wconf 90' lang='lat' dir='ltr'><strong>a</strong></span> <span class='ocrx_word' id='word_1_282' title='bbox 786 3023 878 3088; x_wconf 81' lang='lat' dir='ltr'><strong>vero:</strong></span> <span class='ocrx_word' id='word_1_283' title='bbox 900 3004 995 3064; x_wconf 87' lang='lat' dir='ltr'><strong>timor</strong></span> <span class='ocrx_word' id='word_1_284' title='bbox 1010 3005 1129 3087; x_wconf 84' lang='lat' dir='ltr'><strong>quippe</strong></span> 
     </span>
     <span class='ocr_line' id='line_1_32' title="bbox 69 3089 1125 3174; baseline -0.006 -14"><span class='ocrx_word' id='word_1_285' title='bbox 69 3115 164 3160; x_wconf 84' lang='lat' dir='ltr'><strong>senes</strong></span> <span class='ocrx_word' id='word_1_286' title='bbox 176 3115 212 3154; x_wconf 93' lang='lat' dir='ltr'><strong>eo</strong></span> <span class='ocrx_word' id='word_1_287' title='bbox 226 3091 371 3166; x_wconf 87' lang='lat' dir='ltr'><strong>adducit,</strong></span> <span class='ocrx_word' id='word_1_288' title='bbox 387 3105 423 3150; x_wconf 92' lang='lat' dir='ltr'><strong>ut</strong></span> <span class='ocrx_word' id='word_1_289' title='bbox 436 3089 566 3152; x_wconf 87' lang='lat' dir='ltr'><strong>credant</strong></span> <span class='ocrx_word' id='word_1_290' title='bbox 581 3113 650 3173; x_wconf 74' lang='lat' dir='ltr'><strong>quae</strong></span> <span class='ocrx_word' id='word_1_291' title='bbox 665 3113 730 3152; x_wconf 90' lang='lat' dir='ltr'><strong>non</strong></span> <span class='ocrx_word' id='word_1_292' title='bbox 746 3107 821 3152; x_wconf 90' lang='lat' dir='ltr'><strong>sunt</strong></span> <span class='ocrx_word' id='word_1_293' title='bbox 834 3113 923 3166; x_wconf 82' lang='lat' dir='ltr'><strong>vera3</strong></span> <span class='ocrx_word' id='word_1_294' title='bbox 945 3092 1015 3152; x_wconf 86' lang='lat' dir='ltr'><strong>idco</strong></span> <span class='ocrx_word' id='word_1_295' title='bbox 1028 3091 1125 3174; x_wconf 68' lang='lat' dir='ltr'><strong>srrbji-</strong></span> 
     </span>
     <span class='ocr_line' id='line_1_33' title="bbox 71 3179 985 3266; baseline -0.011 -16"><span class='ocrx_word' id='word_1_296' title='bbox 71 3191 119 3251; x_wconf 89' lang='lat' dir='ltr'><strong>cit</strong></span> <span class='ocrx_word' id='word_1_297' title='bbox 130 3209 138 3244; x_wconf 87' lang='lat'>:</span> <span class='ocrx_word' id='word_1_298' title='bbox 151 3197 280 3245; x_wconf 75' lang='lat' dir='ltr'><strong>semotus</strong></span> <span class='ocrx_word' id='word_1_299' title='bbox 292 3181 365 3244; x_wconf 77' lang='lat' dir='ltr'><strong>ludu</strong></span> <span class='ocrx_word' id='word_1_300' title='bbox 381 3195 406 3243; x_wconf 87' lang='lat' dir='ltr'><strong>tc</strong></span> <span class='ocrx_word' id='word_1_301' title='bbox 411 3180 498 3265; x_wconf 74' lang='lat' dir='ltr'><strong>falsu</strong></span> <span class='ocrx_word' id='word_1_302' title='bbox 502 3183 667 3266; x_wconf 82' lang='lat' dir='ltr'><strong>formidine</strong></span> <span class='ocrx_word' id='word_1_303' title='bbox 678 3187 753 3246; x_wconf 80' lang='lat' dir='ltr'><strong>inter</strong></span> <span class='ocrx_word' id='word_1_304' title='bbox 764 3187 878 3265; x_wconf 75' lang='lat' dir='ltr'><strong>Rapum</strong></span> <span class='ocrx_word' id='word_1_305' title='bbox 892 3179 985 3241; x_wconf 81' lang='lat' dir='ltr'><strong>arma.</strong></span> 
     </span>
    </p>

    <p class='ocr_par' dir='ltr' id='par_1_12' title="bbox 26 3267 1124 3442">
     <span class='ocr_line' id='line_1_34' title="bbox 115 3267 1124 3354; baseline 0.001 -22"><span class='ocrx_word' id='word_1_306' title='bbox 115 3272 188 3350; x_wconf 81' lang='grc'><strong>443.</strong></span> <span class='ocrx_word' id='word_1_307' title='bbox 202 3271 287 3348; x_wconf 90' lang='lat' dir='ltr'><strong>Quid</strong></span> <span class='ocrx_word' id='word_1_308' title='bbox 302 3291 375 3351; x_wconf 78' lang='lat' dir='ltr'><strong>ergo</strong></span> <span class='ocrx_word' id='word_1_309' title='bbox 387 3270 614 3352; x_wconf 78' lang='lat' dir='ltr'><strong>reliquumlut</strong></span> <span class='ocrx_word' id='word_1_310' title='bbox 627 3272 745 3354; x_wconf 81' lang='lat' dir='ltr'><strong>templa</strong></span> <span class='ocrx_word' id='word_1_311' title='bbox 757 3285 825 3347; x_wconf 85' lang='lat' dir='ltr'><strong>tua,</strong></span> <span class='ocrx_word' id='word_1_312' title='bbox 844 3283 875 3330; x_wconf 84' lang='lat' dir='ltr'><strong>et</strong></span> <span class='ocrx_word' id='word_1_313' title='bbox 886 3267 1004 3348; x_wconf 77' lang='lat' dir='ltr'><strong>effigies</strong></span> <span class='ocrx_word' id='word_1_314' title='bbox 1019 3289 1124 3332; x_wconf 71' lang='lat' dir='ltr'><strong>cum:</strong></span> 
     </span>
     <span class='ocr_line' id='line_1_35' title="bbox 26 3359 1027 3442; baseline -0.004 -18"><span class='ocrx_word' id='word_1_315' title='bbox 26 3385 29 3390; x_wconf 89' lang='lat'>·</span> <span class='ocrx_word' id='word_1_316' title='bbox 70 3375 111 3426; x_wconf 89' lang='lat' dir='ltr'><strong>ut</strong></span> <span class='ocrx_word' id='word_1_317' title='bbox 122 3363 183 3420; x_wconf 87' lang='lat' dir='ltr'><strong>viri</strong></span> <span class='ocrx_word' id='word_1_318' title='bbox 195 3359 292 3435; x_wconf 81' lang='lat' dir='ltr'><strong>bella,</strong></span> <span class='ocrx_word' id='word_1_319' title='bbox 306 3374 461 3442; x_wconf 84' lang='lat' dir='ltr'><strong>etpacem</strong></span> <span class='ocrx_word' id='word_1_320' title='bbox 473 3374 593 3442; x_wconf 79' lang='lat' dir='ltr'><strong>garant.</strong></span> <span class='ocrx_word' id='word_1_321' title='bbox 1025 3401 1027 3404; x_wconf 93' lang='lat'>-</span> 
     </span>
    </p>
   </div>
   <div class='ocr_carea' id='block_1_3' title="bbox 11 3533 1130 4094">
    <p class='ocr_par' dir='ltr' id='par_1_13' title="bbox 11 3533 1130 4094">
     <span class='ocr_line' id='line_1_36' title="bbox 110 3533 1123 3611; baseline -0.002 -18"><span class='ocrx_word' id='word_1_322' title='bbox 110 3542 173 3610; x_wconf 78' lang='grc'><strong>440.</strong></span> <span class='ocrx_word' id='word_1_323' title='bbox 187 3539 320 3592; x_wconf 63' lang='lat' dir='ltr'><strong>marasan</strong></span> <span class='ocrx_word' id='word_1_324' title='bbox 329 3551 450 3592; x_wconf 75' lang='lat' dir='ltr'><strong>senectus.</strong></span> <span class='ocrx_word' id='word_1_325' title='bbox 461 3541 583 3611; x_wconf 59' lang='lat' dir='ltr'><strong>&#39;Pompo&#39;</strong></span> <span class='ocrx_word' id='word_1_326' title='bbox 624 3553 717 3592; x_wconf 78' lang='lat' dir='ltr'><strong>verunt</strong></span> <span class='ocrx_word' id='word_1_327' title='bbox 724 3551 777 3600; x_wconf 79' lang='lat' dir='ltr'><strong>ast;</strong></span> <span class='ocrx_word' id='word_1_328' title='bbox 788 3549 818 3588; x_wconf 88' lang='lat' dir='ltr'><strong>ut</strong></span> <span class='ocrx_word' id='word_1_329' title='bbox 827 3537 921 3587; x_wconf 77' lang='lat' dir='ltr'><strong>innuat</strong></span> <span class='ocrx_word' id='word_1_330' title='bbox 928 3533 1002 3586; x_wconf 84' lang='lat' dir='ltr'><strong>lllarn</strong></span> <span class='ocrx_word' id='word_1_331' title='bbox 1011 3539 1123 3610; x_wconf 79' lang='lat' dir='ltr'><strong>coepiase</strong></span> 
     </span>
     <span class='ocr_line' id='line_1_37' title="bbox 72 3615 1125 3692; baseline -0.004 -16"><span class='ocrx_word' id='word_1_332' title='bbox 72 3625 111 3676; x_wconf 83' lang='lat' dir='ltr'><strong>rit</strong></span> <span class='ocrx_word' id='word_1_333' title='bbox 123 3621 335 3692; x_wconf 75' lang='lat' dir='ltr'><strong>longinquitate,</strong></span> <span class='ocrx_word' id='word_1_334' title='bbox 348 3637 380 3670; x_wconf 83' lang='lat' dir='ltr'><strong>ex</strong></span> <span class='ocrx_word' id='word_1_335' title='bbox 393 3637 447 3690; x_wconf 86' lang='lat' dir='ltr'><strong>qua</strong></span> <span class='ocrx_word' id='word_1_336' title='bbox 461 3623 580 3672; x_wconf 83' lang='lat' dir='ltr'><strong>nascitur</strong></span> <span class='ocrx_word' id='word_1_337' title='bbox 625 3619 753 3680; x_wconf 67' lang='lat' dir='ltr'><strong>deliram</strong></span> <span class='ocrx_word' id='word_1_338' title='bbox 767 3617 857 3688; x_wconf 80' lang='lat' dir='ltr'><strong>quales</strong></span> <span class='ocrx_word' id='word_1_339' title='bbox 870 3628 932 3667; x_wconf 78' lang='lat' dir='ltr'><strong>sum</strong></span> <span class='ocrx_word' id='word_1_340' title='bbox 945 3615 1054 3685; x_wconf 79' lang='lat' dir='ltr'><strong>vetula,</strong></span> <span class='ocrx_word' id='word_1_341' title='bbox 1066 3637 1125 3692; x_wconf 80' lang='lat' dir='ltr'><strong>quae</strong></span> 
     </span>
     <span class='ocr_line' id='line_1_38' title="bbox 11 3693 1130 3770; baseline -0.005 -14"><span class='ocrx_word' id='word_1_342' title='bbox 11 3693 12 3698; x_wconf 25' lang='lat'>¹</span> <span class='ocrx_word' id='word_1_343' title='bbox 72 3707 159 3767; x_wconf 81' lang='lat' dir='ltr'><strong>situs,</strong></span> <span class='ocrx_word' id='word_1_344' title='bbox 179 3697 411 3770; x_wconf 67' lang='lat' dir='ltr'><strong>squalor-Veri</strong></span> <span class='ocrx_word' id='word_1_345' title='bbox 430 3699 530 3770; x_wconf 76' lang='lat' dir='ltr'><strong>esfaeta.</strong></span> <span class='ocrx_word' id='word_1_346' title='bbox 550 3700 581 3750; x_wconf 90' lang='lat' dir='ltr'><strong>ld</strong></span> <span class='ocrx_word' id='word_1_347' title='bbox 624 3699 693 3751; x_wconf 86' lang='lat' dir='ltr'><strong>falsa</strong></span> <span class='ocrx_word' id='word_1_348' title='bbox 705 3714 754 3770; x_wconf 87' lang='lat' dir='ltr'><strong>pro</strong></span> <span class='ocrx_word' id='word_1_349' title='bbox 765 3699 833 3749; x_wconf 81' lang='lat' dir='ltr'><strong>varis</strong></span> <span class='ocrx_word' id='word_1_350' title='bbox 846 3713 916 3767; x_wconf 73' lang='lat' dir='ltr'><strong>sape</strong></span> <span class='ocrx_word' id='word_1_351' title='bbox 929 3699 1073 3768; x_wconf 88' lang='lat' dir='ltr'><strong>accipiunt.</strong></span> <span class='ocrx_word' id='word_1_352' title='bbox 1128 3744 1130 3750; x_wconf 74' lang='grc'>,</span> 
     </span>
     <span class='ocr_line' id='line_1_39' title="bbox 71 3776 1123 3850; baseline -0.004 -14"><span class='ocrx_word' id='word_1_353' title='bbox 71 3797 130 3850; x_wconf 81' lang='lat' dir='ltr'><strong>est,</strong></span> <span class='ocrx_word' id='word_1_354' title='bbox 143 3797 221 3833; x_wconf 85' lang='lat' dir='ltr'><strong>caasa</strong></span> <span class='ocrx_word' id='word_1_355' title='bbox 234 3780 367 3842; x_wconf 82' lang='lat' dir='ltr'><strong>veritatis,</strong></span> <span class='ocrx_word' id='word_1_356' title='bbox 379 3778 435 3843; x_wconf 86' lang='lat' dir='ltr'><strong>vel,</strong></span> <span class='ocrx_word' id='word_1_357' title='bbox 450 3795 508 3848; x_wconf 79' lang='lat' dir='ltr'><strong>quse</strong></span> <span class='ocrx_word' id='word_1_358' title='bbox 521 3797 580 3830; x_wconf 84' lang='lat' dir='ltr'><strong>ces·</strong></span> <span class='ocrx_word' id='word_1_359' title='bbox 660 3776 1123 3848; x_wconf 70' lang='lat' dir='ltr'><strong>ddaJFalsavatemfonnidt&#39;nelndr&#39;t.</strong></span> 
     </span>
     <span class='ocr_line' id='line_1_40' title="bbox 72 3855 1123 3925; baseline -0.006 -11"><span class='ocrx_word' id='word_1_360' title='bbox 72 3859 328 3916; x_wconf 83' lang='lat' dir='ltr'><strong>savitveradicere:</strong></span> <span class='ocrx_word' id='word_1_361' title='bbox 340 3857 407 3908; x_wconf 88' lang='lat' dir='ltr'><strong>Scal.</strong></span> <span class='ocrx_word' id='word_1_362' title='bbox 417 3858 462 3923; x_wconf 87' lang='lat' dir='ltr'><strong>IV,</strong></span> <span class='ocrx_word' id='word_1_363' title='bbox 477 3860 517 3920; x_wconf 76' lang='lat'><strong>16;</strong></span> <span class='ocrx_word' id='word_1_364' title='bbox 528 3858 580 3925; x_wconf 82' lang='lat' dir='ltr'><strong>vel,</strong></span> <span class='ocrx_word' id='word_1_365' title='bbox 625 3859 696 3924; x_wconf 85' lang='lat' dir='ltr'><strong>Quia</strong></span> <span class='ocrx_word' id='word_1_366' title='bbox 713 3868 817 3908; x_wconf 81' lang='lat' dir='ltr'><strong>vatem:</strong></span> <span class='ocrx_word' id='word_1_367' title='bbox 838 3873 900 3907; x_wconf 86' lang='lat' dir='ltr'><strong>narn</strong></span> <span class='ocrx_word' id='word_1_368' title='bbox 917 3873 975 3906; x_wconf 85' lang='lat' dir='ltr'><strong>earn</strong></span> <span class='ocrx_word' id='word_1_369' title='bbox 992 3855 1123 3911; x_wconf 75' lang='lat' dir='ltr'><strong>defende·</strong></span> 
     </span>
     <span class='ocr_line' id='line_1_41' title="bbox 71 3933 1124 4004; baseline -0.004 -10"><span class='ocrx_word' id='word_1_370' title='bbox 71 3945 197 3994; x_wconf 72' lang='lat' dir='ltr'><strong>ratitum</strong></span> <span class='ocrx_word' id='word_1_371' title='bbox 210 3939 305 3991; x_wconf 75' lang='lat' dir='ltr'><strong>etfoetae</strong></span> <span class='ocrx_word' id='word_1_372' title='bbox 323 3949 349 3989; x_wconf 84' lang='lat' dir='ltr'><strong>et</strong></span> <span class='ocrx_word' id='word_1_373' title='bbox 366 3936 499 3990; x_wconf 74' lang='lat' dir='ltr'><strong>exhausta</strong></span> <span class='ocrx_word' id='word_1_374' title='bbox 510 3939 580 3991; x_wconf 84' lang='lat' dir='ltr'><strong>viras</strong></span> <span class='ocrx_word' id='word_1_375' title='bbox 624 3937 691 3990; x_wconf 85' lang='lat' dir='ltr'><strong>bant</strong></span> <span class='ocrx_word' id='word_1_376' title='bbox 704 3933 820 4001; x_wconf 80' lang='lat' dir='ltr'><strong>aballis,</strong></span> <span class='ocrx_word' id='word_1_377' title='bbox 838 3937 928 3986; x_wconf 81' lang='lat' dir='ltr'><strong>sinon</strong></span> <span class='ocrx_word' id='word_1_378' title='bbox 940 3947 1017 4004; x_wconf 75' lang='lat' dir='ltr'><strong>atat,</strong></span> <span class='ocrx_word' id='word_1_379' title='bbox 1030 3937 1124 3991; x_wconf 79' lang='lat' dir='ltr'><strong>saltatu</strong></span> 
     </span>
     <span class='ocr_line' id='line_1_42' title="bbox 72 4015 1107 4094; baseline -0.01 -20"><span class='ocrx_word' id='word_1_380' title='bbox 72 4021 111 4074; x_wconf 85' lang='lat' dir='ltr'><strong>ad</strong></span> <span class='ocrx_word' id='word_1_381' title='bbox 122 4017 306 4075; x_wconf 80' lang='lat' dir='ltr'><strong>dicendumst</strong></span> <span class='ocrx_word' id='word_1_382' title='bbox 319 4019 493 4072; x_wconf 81' lang='lat' dir='ltr'><strong>emittendum</strong></span> <span class='ocrx_word' id='word_1_383' title='bbox 507 4019 581 4094; x_wconf 74' lang='lat' dir='ltr'><strong>quod</strong></span> <span class='ocrx_word' id='word_1_384' title='bbox 625 4015 718 4089; x_wconf 75' lang='lat' dir='ltr'><strong>religio</strong></span> <span class='ocrx_word' id='word_1_385' title='bbox 731 4015 885 4070; x_wconf 79' lang='lat' dir='ltr'><strong>sacerdotis.</strong></span> <span class='ocrx_word' id='word_1_386' title='bbox 899 4016 968 4067; x_wconf 67' lang='lat' dir='ltr'><strong>aem</strong></span> <span class='ocrx_word' id='word_1_387' title='bbox 998 4041 1001 4047; x_wconf 95' lang='lat'>·</span> <span class='ocrx_word' id='word_1_388' title='bbox 1088 4047 1107 4066; x_wconf 81' lang='lat'><strong>.-</strong></span> 
     </span>
    </p>
   </div>
   <div class='ocr_carea' id='block_1_4' title="bbox 900 4121 942 4172">
    <p class='ocr_par' dir='ltr' id='par_1_14' title="bbox 900 4121 942 4172">
     <span class='ocr_line' id='line_1_43' title="bbox 900 4121 942 4172; baseline -0.095 -15"><span class='ocrx_word' id='word_1_389' title='bbox 900 4121 942 4172; x_wconf 81' lang='lat'><strong>29.</strong></span> 
     </span>
    </p>
   </div>
   <div class='ocr_carea' id='block_1_5' title="bbox 0 0 1326 4614">
    <p class='ocr_par' dir='ltr' id='par_1_15' title="bbox 0 0 1326 4614">
     <span class='ocr_line' id='line_1_44' title="bbox 0 0 1326 4614; baseline 0 0"><span class='ocrx_word' id='word_1_390' title='bbox 0 0 1326 4614; x_wconf 95' lang='lat' dir='ltr'><strong> </strong></span> 
     </span>
    </p>
   </div>
  </div>
 </body>
</html>
