2670 4596
224 293 342 384 ·xxxvj
523 293 588 357 DE
611 291 845 358 CARMINE
868 293 1021 362 EPICO

246 415 408 500 alienum
431 432 498 505 est,
531 420 708 514 quon-iam
732 418 851 488 AEneae
872 415 996 488 barura
1018 415 1108 488 olim
1131 443 1292 492 suoru-m

246 559 357 632 regna
373 532 621 631 perlustranti,
643 533 737 604 nihil
756 551 871 633 potest
888 559 960 606 esse
978 533 1160 622 alienum,
1183 539 1288 636 quod
1315 605 1317 608 .

248 644 417 718 locorum
427 664 548 745 postea
558 665 632 720 tam
643 647 840 720 illustrium
853 647 1079 722 nobilitatem
1089 650 1292 722 inchoavit.

298 760 476 830 Carminis
496 764 587 858 epici
608 761 848 832 simulacrum
869 765 914 832 sit
933 765 1060 860 iugens
1080 763 1203 835 arbor.
1229 766 1293 834 As·

249 876 345 970 pice,
363 879 426 972 qui
441 902 483 946 ex
497 880 576 974 ipso
591 892 723 948 trunco
738 876 939 966 dissiliunt,
961 882 1035 950 sive
1049 896 1210 977 patentes
1224 905 1293 949 un·
1329 869 1330 874 ἵ

249 987 458 1088 dequaque,
481 1016 618 1079 ramos,
640 996 713 1063 sive
729 1009 914 1090 surgentes
928 994 975 1066 ad
992 993 1140 1084 caelum,
1164 1019 1294 1066 omnes

250 1105 398 1176 nodosae
412 1111 513 1206 stirpi
528 1113 697 1188 tenaciter
706 1107 818 1180 fixos:
836 1135 885 1181 eae
899 1093 1145 1184 suntactionis
1162 1117 1291 1210 epicae,

251 1245 340 1318 quas
351 1220 526 1310 diximus,
540 1240 666 1320 partes.
678 1225 849 1322 Episodia
859 1251 936 1298 non
952 1231 1000 1299 ita
1012 1225 1158 1298 differre
1169 1227 1293 1298 viden·

251 1353 311 1408 tur
324 1337 510 1420 asureulis
519 1339 630 1436 paulo
642 1366 753 1439 supra
767 1341 905 1414 arboris
915 1343 1021 1441 pedes
1034 1343 1292 1431 crescentibus,
1330 1431 1331 1436 ἵ

251 1475 284 1528 et
305 1461 344 1527 in
365 1461 477 1555 ipsius
498 1457 638 1530 umbra.
651 1457 938 1550 luxuriantibus,
961 1465 1026 1560 qui
1046 1460 1155 1532 semel
1177 1461 1292 1532 adulti

250 1597 325 1669 prae
343 1597 380 1641 se
398 1569 521 1644 ferunt
534 1598 715 1646 novarum
730 1577 879 1675 quidem
897 1576 1105 1674 plantarum
1119 1579 1292 1672 speciem,

251 1682 313 1754 sed
328 1689 439 1756 unius
450 1712 560 1759 succo
572 1693 738 1777 enutriti,
753 1689 815 1761 illa
830 1693 1016 1776 nituntur,
1031 1686 1130 1758 illius
1142 1685 1293 1784 profun-

252 1797 307 1868 dis
322 1797 391 1870 sub
405 1798 524 1872 humo
539 1802 721 1875 radicibus
735 1803 931 1875 adhaerent.

180 1954 183 1960 ,
301 1912 500 2005 Haecsunt,
515 1923 811 2018 quaeuarietatem
826 1921 918 2016 epici
933 1921 1103 1988 carminis
1115 1913 1292 1986 efficiunt.

254 2028 391 2100 Verum
408 2055 485 2102 non
499 2035 648 2110 satisest
659 2033 786 2110 ,dulcia
802 2057 875 2104 esse
890 2047 1071 2130 poemata,
1084 2033 1153 2100 nisi
1169 2028 1294 2100 eadem

254 2145 325 2212 sint
334 2142 456 2234 utilia,
469 2173 587 2246 neque
597 2147 774 2220 delectent
783 2147 923 2235 solum,
937 2146 1115 2218 sedetiam
1129 2144 1294 2215 doceant.

254 2259 364 2349 Quod
392 2263 572 2358 praestabit
598 2270 742 2362 epicum
769 2289 937 2351 carmen,
965 2267 994 2334 si
1020 2285 1137 2333 mores
1151 2263 1296 2334 interea
1331 2353 1332 2364 ἵ

255 2390 348 2445 recte
369 2380 549 2468 instituat,
575 2382 666 2452 dum
691 2397 855 2452 accurate
876 2377 1054 2478 describit.
1081 2377 1124 2446 Et
1147 2372 1295 2472 quidem
1331 2465 1332 2472 ἵ

256 2487 415 2578 vidimus
430 2497 524 2564 inter
537 2500 614 2593 ipsa
629 2497 762 2568 mundi
778 2493 981 2582 cunabula,
1000 2495 1157 2591 poesim,
1174 2488 1295 2588 legum
1330 2563 1332 2572 .

256 2607 505 2703 interpretem,
521 2610 730 2686 officiorum
743 2615 969 2710 praeconium
981 2612 1193 2706 suscepisse,
1208 2631 1297 2676 eam·

256 2721 414 2820 demque
426 2731 534 2798 sacris
549 2727 744 2826 praefuisse,
756 2744 790 2798 et
799 2724 1024 2800 solemnibus
1034 2724 1190 2794 deornm
1201 2745 1299 2818 pom·

257 2841 310 2934 pis
325 2863 390 2908 sua
406 2843 591 2912 miscuisse
610 2840 876 2914 modulamina.
898 2841 951 2912 lta
964 2863 1083 2936 quum
1102 2862 1144 2906 ex
1162 2835 1297 2904 intimis

257 2953 501 3046 penetralibus
515 2957 640 3026 similis
649 2954 876 3053 ¹propheticos
890 2956 972 3026 voci
987 2955 1113 3040 exiret,
1130 2975 1208 3021 non
1224 2951 1298 3018 sine
1331 3045 1332 3048 Ἴ

258 3069 1185 3168 maguareligioneabaudientibusexcepta,purum
1196 3061 1299 3160 quid·
1331 3143 1332 3146 ,

257 3181 343 3255 dam
356 3199 389 3254 et
406 3183 541 3258 caeleste
558 3184 757 3268 resonabat.
776 3186 1015 3281 Posteaquam
1029 3195 1051 3252 a'
1064 3175 1299 3277 pontificibus

258 3297 455 3399 legumque
469 3300 645 3372 latoribus
658 3299 843 3372 descendit
852 3299 1084 3395 adprivatos,
1100 3318 1146 3364 ne
1161 3293 1219 3374 ‚vel
1234 3294 1300 3364 ori-

145 3449 155 3472 1
258 3420 341 3513 gine
355 3443 438 3506 sua,
455 3417 511 3490 vel
527 3422 585 3506 iis,
601 3445 691 3518 quas
706 3434 875 3518 gesserat,
891 3414 1072 3514 partibus,
1087 3409 1242 3507 indigna
1255 3410 1301 3476 vi·
1330 3491 1332 3496 ι

257 3527 419 3618 deretur,
435 3531 590 3604 docendi
606 3531 910 3612 consuetudinem
925 3530 1093 3613 retinuit,
1108 3521 1301 3620 affinisque

260 3642 328 3713 diis
342 3650 533 3732 remansit,
552 3673 594 3718 eo
609 3648 711 3745 quod
729 3646 897 3718 homines
911 3661 945 3716 et
959 3643 1133 3716 beatiores
1148 3636 1303 3709 efficeret

257 3775 367 3856 atque
380 3755 556 3832 meliores.
648 3829 651 3838 ‚
1331 3855 1332 3858 Ἴ

264 3953 267 3962 ¹
313 3873 370 3942 Sic
390 3871 472 3952 llias
491 3901 595 3974 reges
618 3875 918 3974 populorumque
939 3872 1049 3946 duces
1071 3896 1092 3942 a
1112 3865 1302 3939 discordiis

258 3984 420 4059 deterret.
445 3988 606 4087 Odyssea
619 3988 873 4064 fortitudinem
890 3980 976 4064 cum
997 3981 1302 4100 prudentiamne
