2676 4602
239 345 302 414 318
566 331 944 410 oounsnrlnm

240 460 347 530 mento
358 455 375 526 a
388 465 470 526 felici
482 466 570 546 igne,
583 468 637 547 qui
650 477 837 549 apparuerat
849 481 943 550 supra
956 479 1052 550 caput
1064 471 1204 532 Ascanii.
1219 465 1279 533 Hoc

237 559 345 640 potius
356 558 473 628 nsum,
492 567 586 635 quam
603 554 689 636 quod
706 557 888 637 interpretes
902 556 1015 616 dmunt
1031 557 1070 618 de
1085 557 1186 620 AEnea
1202 557 1277 620 dissi-

237 644 376 705 mulante
390 645 564 704 tristitiam:
577 643 746 725 etquidem
759 662 890 726 sequens
902 647 1004 706 oratio
1016 649 1122 708 AEnece
1137 648 1233 709 tantis
1241 665 1276 710 est

237 732 405 795 affectibus
418 732 534 794 laetitiae
545 732 655 814 plena,
668 747 704 792 ut
714 731 794 792 nihil
807 735 907 816 possis
917 733 1097 815 conjectare
1107 737 1148 797 de
1161 739 1276 799 tristitia

236 826 319 884 intus
333 822 466 882 latente:
481 822 534 880 alii
547 821 638 881 aliter
650 823 802 898 sentiant,
817 835 848 882 et
860 823 1104 905 interpretentur
1113 824 1250 906 poetam.
1320 843 1321 896 j

277 914 343 974 533.
366 904 471 972 Primo
491 910 611 970 honore
633 909 731 970 allicit
749 913 888 971 Acestem
905 923 991 972 extra
1010 919 1138 972 ornnein
1160 923 1275 974 sortem.
1320 907 1321 950 l

235 1000 442 1062 Commendat
463 1021 537 1061 vero
560 1012 710 1060 craterem
728 999 915 1082 tripliciter:
943 1003 1048 1084 primo
1069 1024 1087 1061 a
1106 1017 1277 1084 possessore

234 1088 383 1163 Anchise3
405 1099 436 1149 et
448 1099 522 1149 nota
538 1087 702 1163 decorum3
724 1088 816 1148 datur
831 1091 895 1148 seni
909 1090 1022 1150 Acestae
1042 1105 1176 1165 munus,
1198 1091 1277 1174 quod

233 1181 336 1242 fuerat
348 1181 432 1240 senis
448 1177 607 1240 Anchise:
631 1178 725 1238 altera
741 1179 974 1239 commendatio
991 1180 1030 1238 ab
1048 1177 1200 1262 opificio:
1220 1191 1278 1238 erat

232 1271 318 1330 enim
340 1281 438 1330 crater
459 1269 628 1350 impressus
647 1268 743 1348 signis
765 1279 934 1349 asperque:
961 1270 1069 1342 tertia,
1094 1281 1161 1327 lton
1182 1265 1277 1327 solum

232 1356 377 1419 Anchisae
386 1357 551 1416 lueratvas
566 1355 644 1430 hoc,
660 1355 715 1415 sed
727 1369 799 1415 ante
808 1354 898 1415 illum
909 1401 917 1430 ‚
930 1355 1036 1416 Cissei.
1050 1351 1150 1431 Vide,
1164 1355 1277 1437 inquit,

233 1469 252 1508 0
265 1451 389 1522 Aceste,
406 1448 517 1528 quanti
529 1444 589 1505 hoc
601 1462 652 1504 vas
665 1446 721 1520 sit,
743 1446 828 1528 quod
841 1465 859 1504 a
873 1443 1084 1506 nobilissimis
1098 1444 1138 1505 ad
1153 1441 1277 1506 nobilis·

232 1539 325 1596 simos
342 1536 500 1616 pervenit,
521 1555 539 1592 a·
552 1533 687 1616 ltcgihns
705 1534 744 1594 ad
762 1534 874 1614 Reges,
892 1549 911 1592 a
926 1533 1033 1594 Cissea
1050 1533 1093 1592 ad
1103 1531 1277 1606 Anchisen,

232 1621 272 1683 ab
288 1621 417 1682 Anchise
432 1619 471 1678 ad
486 1621 629 1695 AEneam,
649 1621 689 1679 ah
700 1621 794 1680 AEtrca
808 1620 847 1679 sd
865 1623 1020 1679 Acestem:
1038 1618 1176 1695 deinde,
1194 1619 1276 1701 prius

230 1713 293 1772 fuit
307 1713 340 1768 in
353 1708 503 1781 'lbracia3
520 1720 592 1768 mot
608 1711 641 1768 in
651 1707 760 1790 Troja3
772 1707 838 1790 jam
848 1710 882 1768 in
891 1705 1012 1782 Sicilia3
1029 1723 1106 1788 ergo
1116 1719 1276 1788 nonquam

230 1813 460 1878 contemptum,
478 1797 534 1857 sed
547 1815 668 1878 semper
680 1817 784 1858 conres
798 1814 988 1879 magnorum
1000 1796 1197 1878 Principum.
1212 1796 1276 1856 Fuit

230 1889 352 1948 Cisseus
364 1900 453 1966 pater
467 1885 619 1962 Hecubae,
636 1887 719 1946 unde
731 1887 799 1948 haec
814 1887 897 1947 dicta
909 1888 1031 1949 Cisseis.

270 1976 337 2055 539.
349 1975 487 2033 Coronat
495 1973 586 2032 lauro
597 1975 750 2050 Acestem,
759 1990 790 2034 et
796 1974 934 2057 appellat
943 1976 1096 2034 victorem
1106 2018 1115 2048 ,
1125 1974 1275 2032 nimirum

229 2081 307 2123 voce
322 2062 493 2144 preconis,
509 2074 653 2142 utsupra
670 2060 870 2123 Cloanthum.
888 2061 1097 2142 Temporibus
1116 2073 1223 2119 autent
1238 2077 1275 2118 se
1320 2049 1321 2110 l

229 2165 356 2214 nectute
370 2147 548 2211 albentibus
560 2149 670 2209 laurus
683 2149 792 2209 viridis
804 2153 996 2234 imponitur,
1016 2163 1080 2232 quo
1095 2149 1200 2230 signet
1212 2147 1273 2208 lan·

228 2243 301 2304 dem
318 2245 433 2303 Acestae
451 2252 608 2300 recentem
620 2253 758 2322 semper,
775 2238 1034 2299 et'immnrtalem
1047 2237 1136 2312 lore3
1158 2251 1196 2299 alc
1210 2247 1271 2298 tun

190 2397 191 2400 Ἴ
229 2334 363 2393 maxime
378 2349 447 2390 eam
459 2332 627 2404 virescere,
642 2346 739 2409 quum
755 2343 852 2409 capus
864 2327 929 2387 albi
942 2329 1042 2388 crines
1054 2337 1173 2408 tegant.

269 2417 418 2494 §halden
425 2413 579 2500 Eurytion
588 2415 679 2478 honus
685 2441 696 2490 ;
707 2417 852 2498 quianon
863 2415 966 2477 insidit
973 2413 1072 2475 alium
1083 2413 1145 2473 sihi
1155 2413 1272 2474 honore

229 2509 385 2596 praeferri,
402 2522 432 2566 et
443 2509 556 2566 inverti
570 2501 714 2566 ordinem,
725 2507 873 2566 victoriae.
984 2505 986 2512 ⁴
1043 2509 1045 2516 “

270 2595 336 2671 543.
356 2597 426 2655 Non
443 2595 543 2676 placet
560 2597 740 2662 Servianum
753 2595 1069 2675 interpretamentum
1082 2589 1164 2667 hoe,
1186 2607 1272 2674 seqre·

225 2682 308 2747 nitur
316 2683 409 2759 donis,
424 2685 455 2744 id
464 2697 513 2758 est,
524 2683 564 2742 ati
574 2683 668 2744 dona:
682 2684 791 2758 imme,
804 2679 963 2766 inqreditttr
972 2679 1067 2753 donis,
1079 2679 1116 2740 ld·
1126 2694 1183 2755 est,
1195 2681 1270 2741 ince-

228 2774 275 2835 dit
288 2764 516 2856 gloriabundus
529 2787 602 2833 cum
615 2771 716 2832 donis.

269 2862 335 2940 illl..
357 2857 411 2923 li'st
426 2861 486 2923 hoc
502 2857 818 2946 peculiarisiacetits,
839 2871 876 2917 nt
895 2861 1003 2918 omnia
1021 2861 1271 2920 commutaverit.

227 2958 264 3015 ln
280 2949 447 3035 jaculando
465 2953 585 3033 primus
602 2949 662 3009 fuit
680 2948 885 3030 Hippocoon3
906 2945 1062 3005 secundus
1077 2943 1272 3020 Mnestheum

227 3044 337 3104 tertius
349 3037 519 3120 Euryti0n3
533 3051 663 3119 quartus·
671 3041 809 3097 Acestes:
826 3034 859 3094 in
872 3033 1031 3116 capiendis
1045 3037 1206 3115 praetniis,
1217 3037 1272 3118 pri-

227 3153 298 3194 mus
311 3144 357 3191 est
369 3131 505 3201 Acestes3
521 3126 674 3186 secundus
687 3127 860 3207 Eurytion,
874 3145 948 3183 nam
960 3121 1045 3182 hunc
1059 3140 1193 3205 quoque
1203 3135 1274 3206 prte-

228 3225 328 3282 mium
343 3236 433 3278 suam
451 3227 624 3296 reportasse
637 3227 701 3274 non
716 3211 866 3289 dubium,
887 3214 1030 3295 quamtis
1045 3211 1197 3272 sileatur:
1222 3229 1273 3273 ter·

226 3314 287 3372 tius
299 3306 491 3376 Mnestheum
508 3315 636 3385 quartus
649 3300 848 3389 Hippocoon:

204 3451 207 3456 .
270 3397 336 3472 545.
351 3391 404 3453 Uti
419 3405 548 3473 apparet
561 3411 597 3452 ex
611 3391 710 3454 serbis
724 3389 843 3468 Paete,
857 3389 923 3472 jain
939 3387 1054 3450 AEneas*
1063 3401 1194 3451 secreto
1206 3407 1272 3451 cnm

227 3485 359 3546 Ascanio
372 3492 491 3560 egerat,
506 3494 541 3539 ut
552 3481 671 3563 puerile
684 3503 795 3564 agmen
810 3483 992 3552 instrueret;
1007 3479 1051 3537 ait
1060 3481 1167 3550 enim,
1183 3483 1209 3539 si
1212 3478 1273 3563 jam

226 3571 314 3633 hahet
328 3579 463 3652 paratum
480 3583 599 3652 aqmen,
620 3573 644 3630 εἰ
663 3569 800 3633 {maurit
813 3587 911 3630 ctrrsos
926 3579 1084 3650 eandum:
1104 3569 1273 3629 consilinm

138 3753 140 3758 “
226 3741 331 3802 arbitrii
341 3745 464 3810 est,vlsa
476 3739 565 3800 omina
575 3749 617 3802 val
628 3749 727 3820 impro—
770 3739 876 3800 haered'e
886 3740 979 3810 datur,
992 3731 1040 3797 sed
1052 3745 1130 3796 estin
1142 3747 1273 3817 accipien-

203 3869 207 3878 .
227 3823 307 3888 bare,
321 3823 363 3876 vel
377 3826 502 3896 recipere.
514 3828 583 3880 Serv.
769 3831 802 3880 tis
815 3817 1013 3880 arbitrio.Serv.
1264 3889 1266 3896 Ι

265 3897 325 3958 533.
334 3905 423 3968 Sume,
435 3916 516 3975 pater.
525 3901 634 3978 Percipe
644 3927 650 3956 t
661 3923 724 3957 nam
805 3908 863 3976 544.
874 3899 1018 3959 Extremus.
1027 3895 1157 3956 Ostendit
1166 3903 1220 3957 hos
1230 3923 1274 3956 sua

227 3985 340 4039 verbum
349 3997 388 4036 est
395 3984 657 4052 jurisconsultorum,
669 4003 722 4055 quo
767 4004 879 4038 munera
892 3985 1043 4058 percepisse
1058 4005 1063 4033 ι
1080 3981 1204 4054 Acesten
1215 4001 1272 4037 vcro

182 4088 183 4093 ¹
228 4077 338 4121 utuntur
357 4064 459 4135 quoties
479 4056 596 4134 legatum
616 4081 671 4117 uon
688 4063 722 4116 ab
767 4063 910 4136 sumpsisse
922 4064 1067 4138 precipua.
1077 4058 1152 4115 Serv.
1192 4116 1194 4125 ,
