2644 4614
215 327 217 332 .
301 301 350 366 ru
376 299 611 366 assinos
634 299 727 365 ura.
751 301 838 368 vu.
1023 307 1086 393 445

48 439 166 488 tectum
177 437 241 486 tam
252 426 409 484 munitum
420 447 428 498 3
441 421 527 482 nulla
539 422 666 497 domus,
679 445 773 503 quam
788 439 822 484 tu
836 447 900 486 non
913 429 1090 493 verberibus

47 530 77 574 et
89 516 214 576 facibus
226 514 341 574 furoris
357 513 396 573 ad
409 513 519 586 funus,
532 526 562 570 et
576 511 703 570 exitium
717 511 878 591 perducas.
892 517 997 592 Ratio,
1016 541 1090 580 nam

49 604 101 664 tibi
115 607 237 664 nomina
250 601 344 678 mille,
358 599 439 662 mille
452 599 575 662 nocendi
588 613 661 660 ortes
669 623 680 673 ;
695 599 727 657 id
740 613 798 676 est,
819 602 941 664 nullum
958 621 1001 668 est
1016 610 1092 670 faci·
1112 653 1114 658 -

47 713 109 752 nus
126 705 190 752 tam
211 691 474 765 abominandum,
492 687 578 771 quod
592 691 661 769 ipsa
680 709 744 747 uon
756 686 928 772 concipias.
947 697 1091 778 Sequitur

47 779 227 842 conclusio:
244 801 317 862 ergo
327 793 447 840 concute
459 792 558 860 pecua
572 775 728 835 maiorum
735 777 906 859 seecundum
918 805 926 839 .·
941 784 992 842 sed
1009 789 1092 846 inter

48 881 97 928 tot
109 869 208 946 mala,
227 869 340 951 quibus
355 867 502 928 foecunda
518 880 576 942 est,
594 863 673 924 mihi
691 885 777 924 nunc
793 871 961 928 necessaria
973 887 1043 931 sunt
1057 896 1093 934 ea

47 957 197 1032 crimina,
219 957 333 1038 quibus
352 955 534 1037 disjicienda
552 975 627 1036 pax,
646 952 811 1012 serendum
830 953 965 1034 bellum:
986 962 1092 1043 itaque

44 1045 198 1125 juventus
210 1045 280 1107 velit
288 1069 373 1106 armo
386 1048 491 1106 animo
501 1069 509 1122 3
519 1058 620 1128 poscat
630 1065 722 1119 voce3
735 1047 831 1127 rapiat
841 1067 951 1121 manu3
968 1062 997 1108 et
1006 1050 1095 1112 simui

47 1135 170 1194 omnia.
185 1135 279 1209 Vide,
292 1149 327 1194 ut
339 1135 448 1194 instet!

89 1219 159 1296 341.
170 1224 260 1283 Paret
269 1224 373 1282 statim
383 1223 476 1282 Furia
486 1221 626 1303 pestibus
636 1221 784 1280 omnibus
795 1221 949 1282 malorum
961 1227 1094 1302 munita,

45 1331 116 1370 non
137 1309 227 1370 aliter
242 1331 277 1370 ac
293 1312 318 1370 si
337 1331 441 1370 secum
459 1307 584 1370 afferret
601 1329 735 1384 venena,
757 1322 787 1370 et
805 1325 958 1392 serpentes
977 1315 1096 1395 Gorgo-

45 1419 145 1474 num,
167 1399 246 1480 petit
257 1399 399 1473 Latium3
418 1418 434 1456 e
450 1410 516 1458 toto
534 1398 624 1457 Latio
640 1395 750 1457 urbem
765 1401 970 1475 Laurentem3
996 1422 1011 1461 e
1030 1417 1096 1462 tota

47 1486 130 1546 urbe
142 1487 269 1566 Regiam
284 1487 404 1561 Latiui3
418 1505 435 1544 e
448 1498 516 1546 tota
527 1486 622 1566 Regia
636 1487 754 1546 Amatae
765 1485 879 1562 limen;
898 1486 958 1548 hoc
972 1490 1097 1550 obsidet

48 1577 147 1636 tacite
161 1573 395 1642 insidiabunda,

94 1663 163 1741 344.
176 1669 265 1728 Ratio
278 1665 389 1732 cursad
400 1667 545 1726 Amatam
559 1667 698 1748 primum
710 1665 887 1739 diverterit,
901 1691 973 1730 narn
987 1670 1041 1731 illa
1054 1695 1099 1732 ar·

47 1755 146 1828 dens,
165 1767 195 1814 et
211 1757 293 1816 curis
310 1769 340 1815 et
354 1756 408 1814 iris
425 1754 632 1835 coquebatur,
652 1753 762 1815 dolens
779 1757 911 1816 Teucros
923 1758 1098 1836 advenisse,
1160 1813 1162 1819 s

48 1843 164 1904 dolens
176 1843 346 1905 disturbari
357 1845 454 1904 Turni
467 1845 591 1926 nuptias
603 1867 609 1902 :
623 1842 657 1902 hi
668 1843 731 1905 duo
743 1865 847 1906 versus
858 1861 932 1907 sunt
944 1851 1098 1931 oppositi:

47 1933 204 1993 adventus
224 1937 343 2017 quippe
359 1931 568 2015 Trojanorum
585 1953 674 1994 curas
691 1934 867 2016 ingerebat,
888 1935 1101 2000 disturbandae

48 2021 173 2102 nuptia
182 2024 244 2082 iras
256 2045 263 2082 :
277 2021 328 2082 hic
338 2023 443 2084 nullus
454 2035 499 2082 est
507 2041 668 2103 perversus
679 2024 772 2100 ordo,
788 2037 821 2083 ut
833 2024 961 2104 quidam
972 2026 1082 2086 volunt
1092 2049 1100 2102 3

48 2131 130 2170 nam
143 2111 227 2192 quod
240 2114 350 2172 Amata
363 2126 430 2174 tota
447 2115 529 2172 intus
546 2113 739 2192 coquebatur
755 2113 851 2186 curis,
871 2125 936 2172 tota
951 2115 1004 2172 iris
1016 2116 1103 2174 arde·

51 2201 125 2276 bat,
141 2222 241 2283 neque
253 2223 285 2262 se
294 2223 375 2264 curae
385 2202 461 2278 illae,
474 2216 529 2262 aut
543 2203 597 2260 irae
610 2200 712 2262 adhuc
727 2199 1017 2278 manifestaverunt3
1030 2202 1101 2262 ideo

52 2311 169 2370 supra,
183 2292 300 2350 tacitum
314 2289 421 2351 limen:
434 2293 524 2372 quasi
537 2289 637 2364 dicat,
650 2288 747 2348 nullis
761 2283 837 2348 dum
852 2291 943 2348 minis
958 2292 1037 2350 atria
1048 2290 1103 2350 illa

53 2379 317 2460 constrepebant3
327 2382 432 2459 quieta
441 2381 657 2453 erantomnia3
670 2393 790 2440 tanturn
801 2379 902 2454 dolor,
913 2394 943 2439 et
953 2382 998 2440 ira
1008 2382 1102 2442 intus.

100 2466 169 2542 346.
183 2463 268 2544 Quid
280 2489 353 2548 ergo
365 2468 478 2528 Furia?
489 2471 630 2550 Anguem
644 2489 758 2543 unum,
772 2467 905 2529 habebat
919 2472 1035 2552 quippe
1050 2492 1104 2531 an·

54 2581 135 2646 gues
146 2577 203 2640 pro
215 2559 368 2634 crinibus,
387 2560 419 2617 in
432 2559 520 2619 illam
532 2557 677 2641 conjicit3
696 2561 797 2639 signat
808 2557 927 2634 locum,
947 2562 978 2618 in
989 2564 1104 2632 sinum3

54 2671 126 2712 non
136 2649 225 2723 satis,
235 2651 267 2708 in
276 2651 381 2709 intima
388 2647 563 2729 proeeordia:
575 2648 629 2708 dat
638 2650 809 2722 rationem3
820 2661 855 2706 ut
862 2649 977 2729 Regina
989 2651 1103 2731 agitata

55 2739 122 2798 boc
138 2750 295 2812 monstro,
313 2736 444 2796 domum
461 2757 587 2796 omnem
603 2736 709 2814 furore
725 2736 926 2818 permisceat:
949 2758 1004 2817 per
1019 2736 1103 2796 bunc

55 2845 194 2907 anguem
207 2823 346 2905 intellige
355 2823 494 2904 aliquam
505 2825 617 2885 mentis
629 2822 846 2897 affectionem
861 2837 938 2905 puta
950 2843 1102 2897 errorem,

56 2916 294 2997 deceptionem,
307 2916 470 2973 insaniam.
898 2919 900 2924 ‘

102 2999 170 3082 349.
184 3003 328 3062 Insinuat
341 3021 373 3060 se
385 2999 472 3061 illico
485 3022 609 3084 serpens
622 3003 655 3062 in
668 3016 762 3064 vestes
773 3001 914 3077 femiuae3
930 3001 963 3058 in
975 3021 1104 3082 corpus3

57 3089 131 3164 sed,
143 3087 226 3150 nullo
238 3102 362 3162 attactu,
375 3089 450 3170 quia
459 3110 524 3150 non
537 3090 743 3150 sentiebatur:
757 3111 830 3156 uam
841 3087 931 3169 lapsu
941 3087 1030 3146 molli
1041 3088 1105 3148 vol·

58 3235 163 3273 trum.»
182 3218 277 3271 Claud.
295 3220 323 3270 in
338 3219 411 3270 Rufi.
424 3221 449 3284 1,
466 3218 513 3270 ubi
528 3217 561 3271 de
605 3219 685 3284 bant,
703 3237 815 3290 quorum
830 3216 1029 3269 enumeratione
1044 3213 1103 3286 dig-

58 3303 179 3372 Megaera
191 3299 303 3352 dicitur:
320 3300 416 3366 nNon,
429 3301 478 3351 nisi
490 3317 562 3370 quae·
605 3301 674 3350 nitas
683 3299 732 3351 Dei
742 3317 861 3350 crescere
873 3293 1023 3347 videbatur.
1037 3291 1103 3345 Vide

59 3384 142 3434 situm
154 3392 268 3452 cognata
280 3380 342 3433 sede
355 3399 491 3445 cruorem,
504 3377 560 3430 Ilii·
604 3379 720 3430 Turneb.
732 3377 781 3442 xi,
796 3395 835 3446 19.
850 3376 957 3426 ranem.

59 3464 199 3530 citumque
206 3457 284 3524 bibit,
289 3462 391 3530 patrius
400 3477 478 3532 quern
486 3457 561 3509 fude-
640 3457 700 3522 340.
714 3455 789 3508 Velit.
802 3455 871 3520 Plus,
881 3452 954 3517 velle,
965 3463 1013 3517 est,
1025 3469 1103 3522 quam

60 3543 98 3592 rit
107 3539 191 3602 ensis,
201 3538 287 3604 Quem
298 3537 420 3590 dederint
428 3541 534 3590 fratres.
547 3559 558 3582 υ
605 3538 674 3607 cogi.
692 3533 762 3589 Velit
772 3536 873 3606 primo,
886 3531 983 3584 deinde
995 3546 1103 3603 poscat,

99 3618 160 3689 337.
187 3618 244 3668 Tibi
261 3617 368 3668 nomina
388 3617 471 3673 milis„
489 3617 562 3684 Quot
606 3629 632 3670 et
642 3617 728 3668 sinon
738 3613 1014 3684 detur,rapiat:nam
1025 3615 1105 3683 rapit,

60 3701 133 3755 enim
151 3699 234 3750 iacies
253 3695 397 3763 scelerum,
413 3709 453 3748 tot
469 3698 520 3766 ipsi
536 3709 562 3747 et
607 3696 653 3766 qui
674 3696 730 3746 sine
748 3694 867 3763 jubentis
887 3693 1046 3746 auctoritate
1065 3694 1104 3743 in-

60 3779 191 3833 nomine:
205 3779 230 3828 iu
246 3775 445 3847 precationibus
458 3785 561 3840 autem,
607 3774 690 3827 vadit.

60 3863 140 3931 nujus
170 3858 292 3908 Numinis
317 3857 438 3927 potentia
464 3871 562 3926 magua
641 3853 701 3906 350.
714 3852 820 3904 Attactu
832 3851 915 3904 nulio.
929 3849 989 3904 Sine
1000 3869 1104 3916 morsu,

60 3953 135 4005 erat,
150 3939 207 4008 ejus
221 3937 290 3988 vires
304 3933 561 3999 commemorabant,
606 3936 663 3986 sine
673 3950 761 3986 sensu.
772 3932 841 3984 Serv.
852 3963 885 3973 -
893 3933 968 3984 Hanc
979 3933 1105 4003 anguium

61 4034 89 4074 at
110 4037 161 4091 pro
183 4015 278 4068 officiis
300 4016 407 4067 nomina
432 4013 562 4066 attribue·
606 4015 813 4066 insinuationem
827 4011 901 4064 nulio
917 4026 1105 4078 sensucorpo-
1144 4055 1153 4084 ,
