2670 4596
227 269 268 314 20
516 306 522 315 ,
553 238 933 306 COMMENTARIA

226 377 284 434 Re
303 370 391 450 qiua,
409 362 482 447 quid
497 377 573 446 optes
588 359 751 442 Explorare
769 358 862 434 labor,
882 360 954 421 mihi
964 358 1050 444 jussa
1067 383 1212 446 capessere
1220 367 1273 447 sus

226 475 282 534 est,
292 457 325 518 id
335 469 396 530 est,
406 452 483 536 quid
493 467 603 534 optare
613 447 820 530 explorando,
832 452 927 510 etiam
938 471 1011 510 cum
1021 471 1137 532 magno
1147 449 1272 526 labore,

227 563 333 632 potes,
352 543 384 605 id
397 558 499 604 totum
511 539 570 600 tibi
585 559 679 621 opere
691 535 867 620 complebo.
881 540 960 600 Satis
974 538 1035 602 fuit
1046 554 1077 601 te
1091 555 1218 621 optare,
1237 554 1272 599 ut

132 624 136 631 ¹
228 659 285 718 ego
299 653 463 716 exsequar,
475 633 629 711 imperare
640 625 774 692 nonfuit
785 647 919 688 necesse.
931 629 973 688 Ut
983 649 1057 689 vero
1067 628 1177 690 credat
1189 631 1271 690 Juno

228 727 301 788 ficta
314 725 382 784 haec
396 743 460 782 non
475 739 556 793 esse,
575 731 717 778 recenset
727 716 893 791 beneficia,
911 738 981 799 quae
995 716 1036 776 eb
1049 738 1085 777 ea
1099 720 1272 799 acceperit,

228 813 344 898 quibus
361 809 480 869 indicat
496 828 528 866 se
547 804 637 864 aliter
654 826 718 864 nou
737 825 829 885 posse
848 803 963 880 facere,
983 804 1110 888 quando
1125 804 1272 865 beneficii

228 905 296 986 lege
314 891 464 962 teneatur.
482 893 636 955 Beneficia
650 892 718 954 haec
734 895 792 952 tria
808 908 899 954 sunt:
920 909 954 954 tu
969 894 1047 954 mihi
1062 915 1196 975 regnum
1211 893 1271 954 hoc

228 990 393 1061 concilias,
406 999 578 1066 sceptrum,
593 984 721 1040 lovem:
739 995 773 1039 tu
788 980 859 1057 das,
872 997 908 1042 ut
919 981 1104 1042 accumbam
1117 985 1272 1042 Divorum

228 1079 347 1163 epulis:
364 1076 491 1134 demum
503 1086 538 1130 tu
551 1069 643 1145 facis,
657 1084 693 1129 ut
704 1071 768 1128 Rex
780 1072 855 1145 sim,
867 1093 931 1131 non
943 1087 1006 1132 tam
1020 1073 1163 1146 nomine,
1177 1092 1270 1153 quam

228 1193 260 1231 re
275 1172 446 1250 ipsa3nam
461 1181 517 1242 per
531 1173 561 1219 te
573 1173 685 1240 potens
698 1179 768 1218 sum
780 1158 961 1220 nimborum
974 1175 1270 1243 tempestatumque.

211 1243 216 1254 ¹
266 1262 313 1319 81.
325 1250 610 1336 Aggrediturpoeta
621 1261 839 1328 tempestatem
849 1269 937 1308 suam
948 1270 1110 1331 nunquam
1120 1251 1199 1308 satis
1208 1249 1272 1308 lau-

227 1348 342 1408 datam.
353 1339 443 1401 Clara
456 1337 560 1396 omnia
572 1348 660 1408 sunt3
670 1334 891 1415 perpendenda
903 1351 1026 1396 tantum
1037 1335 1158 1418 aliqua,
1171 1351 1203 1395 et
1212 1335 1271 1396 levi

228 1436 364 1506 calam03
376 1449 449 1489 narn
460 1428 486 1485 si
497 1425 602 1484 omnia
613 1423 834 1499 examinanda,
844 1426 915 1506 quis
928 1424 1055 1486 tandem
1066 1424 1157 1485 finis?
1169 1426 1205 1484 ln
1218 1424 1270 1484 illo

228 1529 301 1586 Hoee
313 1519 377 1592 ubi,
397 1533 531 1595 agnosce
545 1509 662 1592 dactyli
677 1509 884 1587 celeritatem,
902 1512 941 1572 ad
957 1513 1176 1596 explicandam
1189 1532 1270 1587 eam,

229 1633 292 1696 qua
311 1626 390 1689 opus
410 1605 443 1661 in
459 1622 492 1660 re
510 1601 666 1682 praesenti.
682 1597 757 1659 ldeo
771 1614 880 1680 postea
894 1600 971 1662 dictu
986 1603 1053 1660 sine
1071 1599 1169 1661 verbo
1185 1615 1269 1675 sunt,

228 1716 366 1760 nemora
378 1693 442 1752 fiat.
456 1691 562 1766 Quum
572 1685 661 1746 audis
673 1701 799 1748 montem
810 1687 966 1770 impulsum
976 1692 1008 1748 in
1018 1687 1106 1762 han,
1119 1707 1269 1769 augurare

228 1785 457 1849 atrocissimam
471 1777 537 1838 fore
552 1790 785 1857 tempestatem
804 1775 883 1855 (hoc
895 1777 962 1856 jam
974 1777 1124 1860 expendit
1138 1776 1269 1852 Quintil.

229 1874 285 1935 lib.
304 1874 340 1951 8)
357 1891 422 1929 non
441 1867 524 1926 enim
543 1883 738 1946 quaecunque
757 1866 968 1944 portaveritis
987 1864 1094 1940 datur,
1115 1864 1171 1924 sed
1188 1878 1270 1924 totus

229 1981 320 2023 mons
333 1955 459 2017 inlatus
472 1952 657 2012 dimovetur.
677 1953 855 2033 Erumpunt
868 1973 941 2012 vero
956 1955 1046 2026 venti,
1066 1972 1131 2012 non
1146 1965 1270 2025 ventus,

230 2055 315 2134 iique
324 2046 512 2129 aqmiuatim:
523 2056 558 2102 ut
569 2055 674 2102 autem
684 2055 795 2101 exeant
806 2039 968 2100 vocalibus
981 2043 1050 2100 istis
1062 2054 1166 2116 ruunt,
1181 2053 1270 2123 porta

231 2141 388 2222 aperitur:
403 2135 466 2216 Qua
481 2131 549 2192 data
560 2144 660 2213 porta,
674 2143 777 2203 ruunt,
790 2143 818 2189 et
829 2143 915 2190 terras
929 2128 1041 2190 turbine
1049 2128 1190 2211 pepinum
1202 2126 1270 2188 vide
1323 2201 1324 2206 η

230 2227 354 2310 quoties
366 2233 526 2301 repetatur
538 2220 650 2278 canina
663 2216 781 2293 littera,
792 2238 861 2299 quae
874 2231 948 2299 apta
961 2215 1000 2276 ad
1012 2215 1189 2301 pingendos
1196 2230 1270 2276 stre·
1323 2213 1324 2269 i

230 2318 331 2396 pitus,
344 2311 497 2370 fremitus.

271 2398 318 2473 84.
338 2395 423 2472 Quid
437 2396 504 2475 jam
520 2396 605 2453 venti
622 2408 695 2475 post
711 2393 846 2453 exitum?
863 2395 1003 2453 Primum
1020 2391 1175 2453 incubuere
1189 2394 1269 2450 mari.

230 2491 287 2550 Est
301 2486 353 2546 hic
369 2483 544 2557 incumbere,
557 2485 632 2542 totis
647 2481 766 2542 viribus
781 2485 888 2558 inniti,
908 2505 944 2542 ac
960 2484 1039 2543 mari
1054 2481 1270 2553 inhaerescere,
1322 2521 1323 2528 .

230 2581 274 2639 ita
287 2591 324 2637 ut
336 2577 382 2634 vis
397 2571 541 2656 quaedam
553 2570 760 2652 significetur,
773 2587 804 2632 et
816 2575 950 2653 gravitas
963 2571 1194 2632 molestissima.
1205 2573 1271 2632 Exi-

230 2679 320 2730 erant
333 2679 394 2723 tres
406 2663 506 2736 venti,
519 2658 642 2740 (adhuc
655 2661 738 2720 enim
751 2662 783 2719 in
796 2658 973 2722 carceribus
984 2659 1118 2742 Aquilo)
1129 2658 1273 2722 videlicet

149 2761 152 2770 '
229 2757 347 2830 Eurus,
359 2755 473 2826 Notus,
489 2748 620 2810 Africus.
637 2751 678 2808 Hi
693 2764 807 2812 eruunt
819 2772 897 2810 mare
913 2764 1002 2811 totum
1017 2749 1054 2809 ab
1069 2753 1135 2810 imis
1145 2749 1270 2820 sedibus,

231 2843 271 2904 ab
284 2846 348 2902 imo
363 2839 477 2913 fund03
496 2852 703 2920 evertuntque
718 2838 812 2914 illud,
831 2853 862 2901 et
876 2836 1082 2915 conturbant,
1100 2835 1272 2918 volvuntque

231 2931 271 2990 ad
285 2929 368 2989 litora
383 2941 475 2988 vastos
478 2927 601 3009 fluctus,
614 2933 710 3006 μεγάλα
721 2934 828 3008 κύματα.

267 3080 382 3134 81.Hoee
393 3079 435 3129 ubi
446 3078 523 3129 dieta.
535 3079 567 3128 Et
581 3078 613 3130 ab
626 3080 730 3132 Junone
775 3079 885 3132 Flaccus
904 3071 966 3152 Arg.
981 3081 1008 3144 I,
1027 3079 1068 3130 sui
1087 3097 1194 3148 semper
1212 3087 1271 3127 sunt

233 3175 259 3216 et
272 3161 305 3214 ab
317 3159 403 3212 AEolo.
417 3189 450 3196 -
462 3156 596 3208 Judicium
614 3177 731 3212 summo·
775 3159 882 3211 similes.
891 3159 990 3212 Seneca
1000 3159 1028 3210 in
1035 3160 1174 3230 Agamem.
1185 3157 1271 3208 multis

231 3261 290 3292 rum
308 3242 427 3292 virorum
441 3251 497 3301 est,
516 3239 648 3290 nemiuem
662 3240 729 3290 Poe·
774 3239 915 3292 redundat.
928 3238 1087 3310 Apollonius
1099 3239 1222 3309 plebeius
1235 3248 1271 3290 est

232 3336 318 3376 tarum
331 3320 447 3372 conferri
459 3337 538 3389 posse
548 3337 609 3372 cum
619 3318 728 3389 Virgilio
774 3319 918 3372 multorum
927 3319 1038 3388 judicio.
1056 3319 1145 3371 Cenla.

232 3403 260 3454 in
280 3401 331 3453 hec
351 3399 516 3470 tempestatis
538 3397 726 3468 descriptione.
809 3400 851 3453 85.
874 3401 932 3451 Una
947 3401 1083 3470 Eurusque
1100 3401 1236 3470 Notusque
1249 3409 1273 3448 et

232 3482 300 3531 Nam
318 3480 462 3544 Homerus,
478 3477 573 3548 Odyss.
595 3478 636 3542 V,
655 3477 728 3533 illam
772 3477 885 3548 Africus.
898 3477 1029 3533 Benehos
1042 3477 1125 3530 modo
1143 3491 1196 3530 tres
1210 3496 1271 3528 ven·
1318 3541 1319 3546 ¹

233 3571 336 3610 tantum
357 3556 507 3621 inchoavit,
524 3576 578 3608 non
598 3559 710 3627 perfecit
718 3575 732 3621 ,·
773 3569 814 3607 tos
830 3559 973 3610 inferiores
989 3569 1093 3608 tantum
1108 3557 1270 3619 nominavit,
1318 3563 1319 3627 i

232 3638 279 3704 nbi
291 3635 374 3686 multa
385 3636 728 3708 suntindignnHomeriin·
775 3638 820 3706 qui
837 3656 853 3691 e
866 3636 974 3690 sedibus
992 3655 1064 3690 mare
1076 3638 1138 3704 jure
1154 3653 1271 3696 eommo-

232 3718 319 3788 genio.
328 3716 448 3764 Lucanus
461 3713 478 3766 l.
487 3717 525 3779 V,
538 3717 616 3782 furit,
629 3730 654 3767 et
665 3716 731 3766 mul·
774 3729 852 3776 vent3
865 3715 1014 3787 Zephyrum
1024 3730 1051 3776 et
1059 3707 1223 3786 Aquilonem
1234 3727 1271 3766 ta·

231 3809 259 3846 ta
267 3791 398 3848 interdum
406 3791 732 3858 ridiculaovidiusTrist,
775 3797 850 3846 cuit:
870 3795 1019 3867 Zephyrum
1045 3798 1091 3866 qui
1112 3796 1149 3851 nd
1168 3795 1271 3856 Italiam
1317 3785 1318 3864 l

231 3877 261 3937 1,
273 3884 299 3922 et
310 3872 372 3922 Met.
383 3872 437 3936 XI,
449 3885 562 3942 nugatur
574 3875 605 3928 ,in
620 3892 648 3924 re
665 3873 732 3936 satis
775 3873 856 3940 ducit,
864 3876 1024 3944 Aquilonem
1035 3876 1080 3944 qui
1091 3875 1208 3946 desuper
1217 3873 1270 3925 flat.
1317 3865 1318 3899 l

233 3954 364 4006 luctuosa.
387 3951 511 4021 Papinius
532 3951 616 4004 Theb.
639 3953 679 4014 V..;
704 3964 730 4004 et
774 3952 842 4006 Serv.
859 3953 925 4004 Vide
936 3953 1147 4018 Excursumlll,
1162 3953 1215 4006 vol.
1230 3953 1270 4016 ll,
