2646 4606
304 326 734 426 1unnn1n0sure.
759 331 823 394 vr.
1023 337 1083 425 367

31 452 144 529 potuit
156 452 338 528 nominare,
357 471 453 532 quem
467 451 670 533 unornserum?
686 463 760 510 sunt
776 454 870 514 etiam
882 452 928 514 ibi
946 455 1086 534 thalami,

29 536 143 613 idest,
163 538 247 601 sedes
260 540 430 614 furiarum,
450 540 536 620 iique
548 537 623 598 fecti
639 557 675 598 ex
692 540 765 598 vivo
782 539 882 600 ferro:
903 542 984 604 nibil
1001 548 1086 607 enim

29 626 159 704 obstat,
176 649 241 710 quo
254 630 359 688 rninus
371 627 489 687 ferrum
501 625 626 710 proprie
638 629 738 710 possis
750 627 940 710 intelligere:
956 631 1086 696 demum

30 716 203 778 Discordia
217 717 378 778 inducitur
391 731 421 776 et
432 715 499 784 haec
516 716 648 791 demens,
667 729 782 776 etcum
800 720 952 797 crinibus,
968 737 998 784 et
1014 745 1086 784 cum

31 807 143 882 vittis;
159 807 205 866 illi
220 809 337 890 viperei
352 820 441 881 sunt,
457 809 523 866 istae
536 820 688 881 cruentael
708 820 739 865 et
751 819 918 890 utrumque
929 813 1087 874 innexum.

31 893 125 968 Quid
139 899 242 979 aptius
254 897 293 958 sd
309 895 494 958 horrorem?
510 899 547 955 ln
560 894 667 954 medio
678 899 828 958 sermonis
841 898 952 959 formes
964 903 1028 962 istae
1039 905 1088 962 di·

31 997 157 1048 cuntur
165 1005 229 1046 esse
237 983 374 1047 terribiles
379 987 451 1045 nisu.
457 985 537 1044 Vere
544 982 646 1044 hoctu
652 985 743 1042 Maro
752 983 759 1040 !
770 982 980 1065 lingeplector,
988 1009 1091 1050 mous·

31 1082 170 1131 tracum
184 1071 250 1132 haec
258 1074 353 1133 variis
362 1088 393 1133 et
402 1071 611 1133 formidandis
624 1069 732 1152 liguris
744 1075 916 1154 unguium,
930 1073 1088 1154 dentium,

31 1157 228 1236 caudarum
242 1159 385 1220 formatis
399 1161 439 1220 ed
453 1159 634 1234 horrorem,
651 1175 818 1236 terrorem,
835 1181 1000 1242 pavorem3
1023 1163 1090 1244 ple.

30 1246 86 1304 nis
96 1245 223 1324 illuvie,
236 1247 411 1330 squallore,
424 1248 588 1308 sordibus:
603 1247 651 1307 vel
662 1260 743 1306 certe
755 1245 839 1328 linge
852 1248 1003 1331 quicquid
1014 1249 1090 1310 deli·

31 1347 157 1396 tescere
166 1349 271 1418 potest
282 1337 341 1397 sub
353 1337 403 1404 his
416 1335 526 1397 formis
538 1336 631 1395 ducta
644 1334 851 1396 similitudine
861 1337 900 1395 ab
913 1335 1045 1412 effectis,
1060 1351 1090 1398 et

30 1421 162 1486 videbis
172 1447 267 1507 quam
277 1440 355 1488 tetre
367 1438 506 1486 monstra
516 1426 639 1510 concipi
650 1427 758 1484 animo
766 1438 892 1506 queunt.
905 1425 984 1486 Vide
994 1428 1089 1486 etiam

30 1509 151 1598 lector,
161 1515 187 1574 si
197 1517 314 1592 otium,
326 1517 373 1575 uti
387 1517 456 1575 Seu.
471 1535 520 1596 ep.
537 1513 606 1589 104,
619 1511 865 1594 expendatvatis
874 1512 986 1591 verbe,
1003 1515 1089 1598 quod

31 1597 172 1678 dixerit,
189 1603 308 1666 formas
320 1608 394 1666 istus
412 1623 479 1664 esse
491 1601 646 1664 terribiles
660 1604 744 1678 visu,
763 1623 827 1666 non
847 1623 889 1664 re.

77 1691 149 1750 282.
161 1693 319 1755 Hactenus
329 1693 496 1776 explicata,
507 1713 577 1772 quae
587 1703 676 1750 erent
687 1705 758 1752 ante
769 1691 974 1766 vestibulum
987 1694 1090 1774 pergit

29 1776 103 1859 jam
114 1780 156 1839 ad
166 1803 203 1842 eu
215 1803 286 1866 quas
297 1797 385 1845 erent
396 1785 430 1843 in
441 1781 546 1844 medio
556 1779 720 1842 vestibuli:
735 1781 877 1867 principe
886 1780 956 1842 loco
966 1783 1089 1844 ulmum

32 1870 205 1931 constituit
218 1893 390 1950 annosam,
404 1891 551 1955 opacum,
567 1872 745 1952 ingentemz
761 1873 794 1930 in
807 1891 869 1952 que
881 1871 991 1931 arbore
1001 1885 1091 1932 erent

32 1961 178 2036 somnia,
200 1961 233 2021 id
249 1975 307 2038 est,
329 1963 505 2044 explicante
522 1962 666 2036 Donato,
689 1981 823 2036 errores,
845 1963 900 2042 qui
920 1977 1090 2022 occurrunt

31 2045 271 2114 dormientibus
283 2053 570 2136 pcrpbantssmnta
581 2073 588 2110 ε
601 2051 705 2134 vulpe,
724 2066 761 2111 ut
774 2052 870 2131 vulgo
881 2052 997 2112 fertur:
1017 2053 1088 2112 ideo

33 2141 268 2223 sutemferttnt,
281 2145 355 2224 qnia
366 2161 478 2226 supra,
492 2145 530 2202 st't
540 2139 670 2222 mibisus
682 2139 783 2200 auditu
797 2139 893 2220 loqui:
907 2142 950 2198 itu
965 2141 1088 2201 Tautm.

78 2227 150 2288 285.
165 2229 223 2289 Sed
237 2251 308 2312 quse
322 2246 462 2292 monstra
477 2233 510 2290 in
524 2249 561 2290 eo
573 2227 746 2302 vestibn103
763 2247 837 2286 nam
854 2228 980 2307 signans
997 2231 1090 2288 vesti·

32 2314 152 2374 bulum
165 2319 225 2392 nit,
236 2318 402 2380 statutam:
417 2319 472 2383 ille
485 2331 574 2393 sunt,
590 2319 726 2404 Centqun'
734 2361 743 2391 ,
758 2317 812 2400 qui
826 2317 858 2374 in
872 2317 948 2398 ipsis
951 2317 1086 2399 foribus:

32 2403 172 2480 deiude,
184 2405 307 2488 Stylloe,
319 2409 395 2490 quis
403 2403 472 2468 haec
482 2407 597 2493 duplex
611 2405 694 2478 Nisi,
710 2419 740 2464 et
753 2403 884 2479 Phorcl3
897 2419 928 2464 et
941 2404 989 2465 bes
1003 2406 1089 2490 disor-

33 2513 115 2568 mes,
135 2494 210 2574 quis
225 2509 359 2576 utraque
374 2496 473 2577 Scylla
490 2515 579 2554 versa
596 2496 691 2553 estin
707 2513 798 2554 cenes
815 2493 963 2554 inferiore
981 2508 1088 2576 parte:

32 2582 149 2656 tertio,
165 2583 318 2657 Briareus,
337 2597 368 2644 et
383 2583 434 2644 bic
446 2597 561 2644 centum
574 2583 722 2664 pominus,
741 2580 889 2641 videlicet
902 2603 920 2639 e
933 2581 1088 2658 brachiis,

32 2681 68 2727 et
84 2670 252 2746 manibus,
266 2669 379 2732 babuit
398 2675 481 2732 enirn
496 2675 690 2750 ἑκατογχεῖρας,
708 2671 752 2728 ait
766 2667 941 2733 Hesiodus:
958 2685 1089 2750 quarto,
1156 2735 1158 2743 ,

32 2755 147 2817 Battus
156 2762 273 2835 knew,
286 2761 319 2820 id
332 2777 396 2838 est,
411 2761 534 2845 Hydra,
549 2773 581 2818 et
594 2758 661 2818 bete
675 2756 850 2818 horrendum
862 2757 998 2831 stridens,
1012 2761 1087 2842 quis

33 2845 192 2907 stridebat
201 2851 387 2930 serpentinis
397 2849 555 2931 capitibus
565 2869 572 2904 ι
584 2848 711 2928 quinto,
722 2843 880 2918 chinium,
891 2857 922 2902 et
931 2843 1089 2930 haecflum·

35 2935 96 2992 mis
107 2949 223 2997 amiato
229 2961 241 3010 ,·
259 2957 334 2997 num
346 2936 385 2996 de
402 2936 457 2997 illa
469 2929 625 2996 Hesiodus
636 2979 643 3008 ,
658 2939 784 2994 πνέουσαν
800 2942 858 3012 πῦρ.
879 2932 926 2990 De
940 2930 1000 2991 bac
1016 2931 1088 2991 vide

77 3077 138 3129 286.
150 3081 271 3132 Centauri
280 3081 424 3154 inferibus.
435 3082 505 3134 Beue
515 3081 543 3133 in
588 3094 677 3138 meras
690 3073 813 3136 Tithonis
833 3087 859 3128 et
874 3074 1000 3129 Echidnae
1016 3075 1087 3145 filia,

30 3158 153 3229 foribus,·
171 3161 234 3230 quia
248 3180 295 3226 ea,
314 3180 371 3232 quae
388 3173 480 3214 contre
492 3179 542 3212 na·
589 3153 703 3218 orelam
719 3157 859 3228 postremis
874 3155 1009 3226 partibus,
1024 3153 1088 3210 dra·

37 3249 131 3288 turam
147 3252 260 3310 possunt
276 3241 377 3307 creari,
394 3241 482 3292 statim
496 3259 542 3312 pe·
588 3255 620 3288 co
631 3259 637 3286 :
648 3235 755 3300 media,
773 3253 868 3306 capra,
884 3233 1030 3286 secundum
1047 3238 1088 3288 fa·

37 3329 176 3368 renut-
188 3317 334 3371 nabulum.
351 3317 497 3371 Habitant:
515 3329 542 3369 et
586 3313 680 3379 bulas,
697 3315 756 3364 tuit.
774 3313 811 3365 Re
826 3333 889 3365 vera
906 3321 994 3365 autem
1011 3332 1086 3366 mons

36 3400 110 3450 bene
129 3397 239 3466 allusit,
254 3401 318 3472 quia
336 3418 368 3452 ex
383 3413 460 3471 parte
480 3400 542 3470 equi
587 3408 626 3448 est
643 3395 729 3466 Lyciae
744 3415 751 3444 ε
769 3397 845 3464 cujus
860 3391 994 3464 hodieque
1012 3395 1089 3447 ardet

39 3492 114 3530 sunt.
143 3481 264 3530 Centamt'
287 3493 375 3532 autem
397 3483 495 3532 Ixionis
516 3491 542 3530 et
587 3474 1086 3544 cucumen‚juxtaquodsuutleones:

37 3557 130 3609 Nubis
143 3556 191 3613 lilii
207 3571 275 3610 sunt
291 3557 365 3610 lxien
383 3561 454 3610 enim
471 3576 543 3610 ame·
586 3555 676 3608 medie
695 3565 783 3608 sutem
801 3572 865 3625 pars
886 3555 968 3625 hujus
984 3573 1087 3628 puseus

38 3635 544 3708 tstnnonendettupt-ointerpsllu·
588 3635 1088 3706 babet,quoecapreisubunduut3imn

37 3722 87 3770 vit.
103 3715 153 3769 lllu
166 3717 473 3770 coufessaJoviestzet
486 3720 543 3785 ejus
588 3731 652 3769 nero
682 3716 782 3766 nrontis
811 3716 979 3786 serpentibus
1006 3717 1087 3788 plens

38 3797 182 3850 voluntate
194 3796 334 3848 Nubcmin
345 3796 544 3848 suemformnn
589 3809 658 3848 suut.
678 3797 755 3847 Hune
771 3795 989 3866 Bellerophontes
1007 3797 1087 3850 bulsi-

38 3891 200 3929 converssnr
214 3874 328 3939 obtulit,
340 3871 412 3925 unde
422 3875 545 3926 feruutur
589 3876 699 3930 tsbilern
709 3877 789 3941 lecit,
803 3876 874 3928 unde
883 3875 1040 3930 Cbimaersm
1046 3878 1087 3929 di·

39 3957 99 4010 nati
112 3971 171 4008 esse
183 3953 318 4006 Centauri.
329 3956 399 4008 Serv.
589 3958 659 4008 citur
673 3955 811 4008 occidisse.
821 3957 890 4008 Serv.
902 3957 982 4008 -De
993 3956 1086 4008 endem

83 4037 144 4087 288.
165 4033 340 4106 Flammisque
358 4043 459 4085 min
480 4034 543 4087 cti·
588 4033 1082 4106 Hesiodin'l'heogon.etloucr.lib.V.
1168 4033 1173 4044 '
