2676 4602
298 263 351 376 iu
375 311 610 376 anemos
634 291 728 376 utu.
753 316 815 378 tv.
1016 318 1075 384 251
1102 287 1104 292 '

11 437 106 498 liuic
125 431 280 496 similem?
296 433 398 494 fertur
413 453 449 492 ea
466 431 545 492 lecta
561 433 692 494 Sanctus
709 437 901 516 Augustinus
916 435 1029 500 abiisse
1046 443 1080 499 in

14 525 202 607 lacrymas.
990 569 992 576 t

65 615 143 676 331.
164 614 202 672 ln
220 609 333 672 vocula
353 607 418 684 itte,
441 607 596 692 emphasis
617 631 682 670 non
700 611 857 694 vulgaris:
877 614 977 674 multa
998 613 1082 675 Elisa

9 702 169 777 dixerat,
188 721 257 780 quae
273 697 323 760 vel
343 697 482 780 lapidem
500 713 642 780 possent,
665 715 720 760 aut
736 701 855 760 ferrum
869 721 1082 777 commovere3

11 790 80 850 ille
102 804 212 852 tamen
228 791 277 848 vir
292 788 383 846 fortis
401 785 499 846 beret
517 789 550 846 in
567 791 741 864 sententie3
762 790 834 850 vide
850 795 1082 851 constantiam:

13 900 94 938 non
119 877 205 939 tollit
229 875 351 952 oculos,
369 895 409 936 ne
423 875 581 935 flectatur:
604 876 768 938 audiverat
783 878 934 938 blandam
956 880 1084 940 cantile-

11 989 104 1027 nam
127 970 264 1041 amoris3
284 968 309 1026 si
324 963 431 1026 oeulos
448 963 619 1042 attolleret,
640 979 671 1026 et
687 969 845 1028 Didonem
862 968 997 1044 rideret,
1015 969 1085 1052 pnl-

11 1056 285 1137 cherrimamque
300 1053 389 1114 illam
402 1051 554 1127 formam,
566 1053 708 1116 fortassis
720 1077 787 1115 non
798 1058 951 1138 potuisset
962 1055 1085 1140 duplici

15 1144 116 1206 malo
133 1147 304 1218 obsistere3
317 1145 422 1224 itaque
432 1143 486 1224 qui
498 1143 654 1206 dominari
667 1144 798 1206 auribus
807 1167 871 1205 non
882 1148 1000 1228 potuit,
1012 1167 1086 1206 ocu·

9 1237 59 1296 lis
79 1235 156 1296 vult
172 1235 345 1308 dominari,
360 1253 462 1314 neque
480 1231 568 1292 illam
583 1255 727 1308 cernere3
745 1255 850 1296 secum
867 1237 932 1318 ipse
945 1233 1085 1296 oblucta-

10 1323 125 1382 batur
137 1323 309 1394 obstinate,
321 1335 433 1382 utrem
444 1320 538 1380 corde
548 1335 678 1402 tegeret,
691 1337 722 1384 et
729 1323 821 1384 vultu
832 1322 930 1384 alium
941 1343 973 1384 se
983 1337 1085 1384 osten-

13 1427 126 1472 taret:
138 1411 255 1485 nollet,
263 1408 373 1484 credo,
382 1409 486 1490 loqui;
496 1424 527 1470 et
536 1409 677 1473 fortassis
687 1412 752 1474 haec
761 1435 850 1475 mens
860 1428 960 1496 poetae
968 1459 977 1490 ,
985 1435 1084 1494 quum

13 1505 85 1576 ait,
102 1501 248 1574 obnixus5
262 1499 314 1562 sed
328 1501 427 1560 victus
441 1513 504 1576 est,
516 1513 552 1559 ut
564 1503 619 1582 qui
630 1501 744 1578 hemo,
759 1506 862 1585 utqui
877 1516 1043 1563 amaverat.

63 1591 141 1651 333.
161 1591 291 1652 Levavit
308 1601 420 1650 astum
439 1607 605 1664 curarum,
626 1611 705 1672 quas
721 1591 887 1672 premebat
903 1590 1085 1666 subcorde,

15 1677 228 1761 respondens
240 1697 360 1760 pauca:
376 1696 445 1758 quse
455 1697 529 1736 vero
541 1675 614 1736 illa?
624 1679 694 1738 Non
707 1678 845 1760 negabo,
858 1681 1014 1762 accepisse
1025 1700 1042 1738 a
1053 1693 1085 1738 te

17 1785 94 1830 tam
117 1767 223 1830 multa
245 1765 487 1848 officia‚,quam
509 1765 609 1826 multa
635 1769 704 1848 ipsa
723 1789 867 1831 enarrare
888 1767 1085 1830 numerando

16 1877 146 1939 queas:
168 1876 269 1938 neque
290 1856 323 1914 in
342 1868 506 1937 posterum
526 1875 579 1915 ero
599 1857 779 1931 immernor,
799 1858 952 1940 quamdiu
971 1860 1085 1917 vivam.

15 1946 90 2004 Cur
103 1943 242 2025 Repina?
252 1957 320 2002 tum
330 1959 366 2002 ut
376 1941 506 2024 colligat
515 1943 785 2019 benevolentiam
799 1960 866 2007 turn
875 1949 996 2028 potins,
1008 1961 1045 2004 ut
1054 1965 1087 2004 se

17 2030 199 2094 subtrahat
209 2033 339 2114 nuptiis,
349 2051 430 2112 quas
438 2029 522 2092 Dido
532 2033 628 2094 modo
640 2031 808 2113 objecerat,
817 2053 887 2115 quae
895 2056 970 2096 cum
976 2036 1087 2107 AEnea,

16 2139 59 2184 ut
70 2143 153 2182 cum
164 2121 298 2202 conjuge
308 2119 515 2204 loquebatur;
527 2121 580 2182 sed
591 2120 644 2182 illc
655 2143 726 2184 cum
737 2121 806 2197 illa,
820 2136 856 2182 ut
866 2143 939 2182 cum
948 2123 1066 2200 Regina
1078 2143 1085 2177 :

16 2227 123 2295 atque
139 2232 304 2272 removens
321 2231 438 2277 nomen
457 2211 599 2292 conjugii
614 2231 646 2270 se
658 2213 777 2293 pariter
791 2208 950 2272 subtrahit
960 2211 1086 2272 crimini

14 2301 216 2384 impietatis:
236 2302 307 2384 quis
322 2301 423 2377 enim,
444 2298 613 2382 conjugem
628 2302 695 2359 sine
707 2300 872 2381 impietate
886 2295 1023 2358 deserat?
1040 2299 1086 2357 ait

14 2389 134 2450 Julius
148 2387 299 2470 Scaliger,
319 2388 374 2470 qui
389 2389 485 2448 etiam
499 2389 671 2464 examinat,
692 2407 749 2448 cur
762 2387 872 2448 AEneas
883 2379 916 2446 'se
931 2387 964 2445 i'n
979 2397 1084 2467 poste·

15 2500 97 2542 rum
113 2477 185 2538 fore
197 2499 368 2539 memorem
380 2476 586 2560 polliceatur:
607 2475 669 2540 hoc
686 2479 756 2561 ipso
774 2489 882 2558 negat,
901 2477 1035 2560 gratiam
1051 2477 1084 2536 in

17 2569 177 2652 praesenti
192 2589 225 2630 se
238 2589 332 2652 posse
346 2566 477 2646 referre,
494 2589 535 2629 ne
547 2581 680 2650 cogatur
693 2588 835 2642 manere;
854 2579 884 2626 et
898 2565 969 2627 ideo
984 2563 1086 2647 rejicit

18 2663 55 2718 in
69 2659 237 2734 futurum,
250 2655 337 2741 quod
350 2660 425 2720 satis
441 2679 506 2720 esse
519 2655 613 2718 dehet
625 2660 708 2720 inter
722 2659 806 2718 cives
817 2656 899 2716 bene
912 2655 1083 2714 institutos.

17 2747 84 2810 Sed
99 2768 159 2809 cur
172 2749 307 2834 signate,
323 2769 385 2810 con
399 2769 445 2808 me
457 2747 566 2831 piqebit
577 2747 760 2807 meminisse?
776 2748 820 2806 sic
833 2745 980 2825 concipe:
996 2742 1084 2802 nulla

17 2859 75 2898 me
94 2837 224 2919 pigritia
240 2835 375 2912 tenebit,
392 2857 492 2918 quum
508 2849 563 2896 tua
577 2833 732 2896 beneficia
748 2835 855 2892 animo
873 2829 1083 2891 occurrerint:
1162 2843 1165 2850 ·

19 2926 139 2986 statim
148 2925 232 2984 enim
240 2937 389 3006 prompta
397 2922 534 3006 quadam
543 2935 575 2984 et
583 2918 906 2982 alacrirecordatione
914 2938 978 2993 ero,
988 2936 1086 2998 quum

18 3035 148 3074 nomen
163 3028 253 3072 tuum
267 3011 435 3076 audivero:
455 3009 604 3074 exultabo
619 3010 659 3072 ad
676 3030 792 3072 nomen
806 3021 897 3070 tuum
915 3005 1085 3089 promptis-

20 3107 119 3164 sime.

63 3191 140 3269 337.
157 3189 287 3274 Captata
301 3190 441 3268 Didone,
461 3191 500 3252 ad
517 3211 648 3252 causam
663 3186 848 3252 diluendam
860 3180 1038 3256 descendit,
1057 3192 1086 3238 et

20 3279 180 3353 crimina,
200 3297 270 3362 quae
287 3277 547 3362 objectabantur:
569 3281 674 3363 primo
692 3274 859 3361 respondet
873 3271 952 3346 illis,
970 3269 1087 3350 sperasti

20 3419 105 3472 ceat,
125 3405 270 3477 imaginem
284 3407 378 3462 saltem
392 3409 481 3464 AEnea
496 3412 535 3462 si·
579 3417 734 3461 moveretur
744 3404 840 3456 officiis
852 3397 982 3464 Didonis,
997 3407 1086 3448 tamen
1143 3467 1147 3478 Ι

19 3486 121 3542 milen
132 3483 240 3540 assidue
250 3488 427 3560 contemplari
438 3490 532 3561 possit.
579 3508 597 3542 a
608 3489 749 3560 preposito
761 3503 817 3538 non
829 3477 986 3534 discederet.
1004 3477 1085 3530 Recte

60 3567 129 3620 331.
146 3563 199 3618 tlte
210 3567 291 3621 Jovis.
309 3569 534 3624 Confundebatttr
580 3558 1087 3633 autemdixitmonitispotiusquamjus·

21 3645 154 3720 pudore,
173 3657 267 3716 utpote
286 3650 332 3720 qui
349 3650 466 3722 ingrati,
487 3652 534 3720 qui
579 3651 627 3703 sis:
646 3649 772 3720 quianon
780 3642 866 3696 solum
876 3641 1016 3712 imperium
1024 3657 1086 3691 eum

23 3727 146 3792 fallacis,
154 3727 201 3798 qui
208 3727 314 3800 fugitivi
323 3727 461 3780 infamiam
468 3729 534 3781 sub·
579 3727 720 3792 movebat,
737 3724 784 3777 sed
799 3742 831 3778 ea
846 3739 904 3793 que
917 3714 1084 3792 imperabat:

23 3815 78 3861 iret
96 3817 192 3858 eontra
207 3808 360 3862 institutum
376 3825 462 3860 suum.
482 3808 534 3862 Sed
580 3826 638 3880 quat
649 3807 684 3859 ad
694 3823 804 3878 regnum
815 3798 1086 3869 Italicumacquiren-

24 3891 119 3942 solnm
129 3887 225 3939 lovem
237 3887 289 3944 sibi
301 3901 363 3941 ante
376 3887 469 3941 oculos
482 3908 534 3960 po·
579 3885 644 3939 dum
655 3883 845 3957 pertinebant,
862 3893 888 3933 et
899 3897 932 3932 ne
947 3875 1086 3948 Carthagi·

25 3969 127 4032 nebat,
139 3965 214 4037 quod
221 3965 535 4034 efficiebat,utviralio·
578 3985 657 4035 nem,
676 3983 725 4016 suo
744 3981 828 4035 regno
844 3961 1012 4034 posterisque
1029 3957 1084 4008 suis

26 4051 96 4119 quin
116 4048 189 4098 mitis
207 4057 233 4099 et
247 4045 396 4116 humanus,
412 4051 533 4120 quamvis
579 4048 714 4101 inimicam
723 4046 854 4110 futuram,
864 4044 975 4094 foveret.
984 4037 1081 4090 Donat.
