2670 4596
216 210 291 305 xviij
488 220 553 283 DE
577 219 810 284 GARMINE
834 219 987 286 EPICO

216 361 293 432 ges,
315 327 494 435 quantum
514 345 553 412 in
571 357 752 429 incesset,
773 345 897 439 paucis
915 341 1145 440 explicandas
1160 339 1256 413 mihi

214 458 408 548 proposui:
432 455 493 525 sed
512 459 614 555 origo
634 461 734 554 prius
749 457 891 528 videtur
909 457 1157 556 investiganda
1176 455 1257 526 dili·
1325 492 1326 546 l

153 601 157 610 ·
215 581 348 661 genter.
377 569 522 641 Nemini
547 575 646 642 enim
674 595 886 668 persuasum
910 569 1019 668 fuerit
1046 571 1198 642 lliadem
1224 583 1259 640 et
1325 559 1326 636 l

215 681 433 780 Odysseam,
453 705 662 784 poematum
679 715 761 786 quae
779 688 825 759 ad
840 713 907 760 nos
926 693 1154 786 pervenerint
1168 689 1258 758 anti-

216 801 407 893 quissima,
423 807 592 874 omnium
607 808 725 900 prima
745 807 923 875 exstitisse.
946 807 1016 874 Vix
1032 817 1161 874 contra
1180 800 1259 872 fieri

212 916 352 1006 potuit,
368 932 497 988 utnon
513 917 696 990 multoties
707 917 804 989 facto
818 916 931 1016 hujus
945 922 995 998 rei
1010 917 1193 1015 periculo,
1209 915 1257 986 ad

212 1039 354 1098 tantum
378 1029 535 1128 denique
557 1031 740 1130 fastigium
760 1036 1026 1130 perveniretur;
1050 1045 1169 1128 neque
1190 1035 1258 1101 ista

212 1159 354 1216 matura
375 1146 595 1248 robustaque
616 1149 764 1220 virilitas
785 1173 861 1220 non
887 1152 987 1246 prius
1008 1173 1071 1244 per
1092 1143 1258 1218 infantiae

212 1260 353 1354 vagitus
372 1276 405 1330 et
423 1260 552 1334 llorem
567 1262 771 1361 juventutis
789 1261 1012 1334 adoleverat:
1034 1286 1152 1358 quum
1169 1283 1256 1334 vero

214 1388 297 1441 ante
311 1375 527 1472 perpolitam
543 1377 678 1450 artibus
693 1379 871 1450 Graeciam
884 1377 1077 1475 prodierit,
1092 1379 1260 1472 sequitur
1290 1457 1293 1462 .

215 1502 257 1554 ut
273 1487 351 1584 ejus
369 1495 471 1590 origo
489 1491 597 1591 louge
613 1491 659 1564 ab
677 1491 972 1566 antecedentibus
995 1489 1135 1564 saeculis
1157 1514 1256 1586 repe·

216 1600 325 1671 tenda
337 1606 391 1674 sit.

264 1717 372 1787 Nunc
386 1724 556 1794 attentius
570 1725 771 1818 exquirenti
787 1720 879 1792 mihi
893 1745 1059 1819 quonam
1074 1719 1190 1789 modo
1209 1721 1262 1786 in·

217 1843 271 1898 ter
296 1829 446 1903 diffusas
471 1834 647 1907 barbariae
673 1835 839 1908 tenebras
864 1835 1021 1906 sublime
1045 1839 1261 1919 inventum,

212 1943 387 2044 idemque
399 1953 547 2019 maximi
562 1949 696 2022 laboris
714 1950 866 2049 plenum
881 1953 1069 2035 exstiterit,
1084 1945 1164 2016 haec
1180 1971 1263 2044 pro-

131 2144 137 2154 ,
214 2057 348 2130 habilia
358 2079 588 2134 succurrunt.
600 2066 778 2135 Homines
790 2067 921 2160 quovis
932 2063 1264 2159 temporesuaviter

214 2173 333 2247 affecit
352 2203 475 2250 rerum
495 2197 676 2279 gestarum
695 2184 866 2252 narratio.
886 2181 1001 2278 lgitur
1018 2177 1083 2249 ubi
1104 2175 1262 2247 errando

214 2315 278 2388 per
296 2291 412 2390 sylvas
430 2294 528 2384 lessi,
554 2299 718 2393 primum
740 2297 951 2394 congregari
974 2295 1083 2391 coepti
1102 2307 1209 2378 sunt,
1235 2292 1264 2359 si
1327 2331 1328 2334 =

214 2407 305 2502 quid
321 2433 406 2480 curn
425 2411 680 2499 admiratione,
700 2429 763 2483 aut
779 2427 931 2498 terrore,
947 2424 1011 2480 aut
1025 2405 1265 2477 delectatione
1327 2407 1328 2416 ’

214 2519 469 2616 offendissent,
487 2528 525 2597 id
540 2525 658 2598 verbis
675 2541 943 2613 memoratum,
964 2537 1016 2608 et,
1039 2538 1081 2592 ut
1102 2534 1265 2590 recenter

214 2639 387 2734 impressa
407 2667 562 2740 quaeque
582 2645 724 2712 animos
748 2656 903 2742 tangunt
924 2641 1117 2724 acerrime,
1146 2631 1266 2704 multa

216 2776 257 2820 ex
272 2770 373 2847 parte
385 2780 494 2853 supra
509 2759 695 2827 veritatem
708 2753 994 2852 amplificatum,
1013 2773 1159 2821 summa
1177 2771 1265 2818 cum

215 2863 403 2963 voluptate
423 2869 638 2940 audiebant:
666 2895 858 2968 quumque
878 2869 1055 2939 memoria
1076 2867 1266 2961 scripturae

218 2981 389 3069 nondum
413 2988 567 3082 cognitae
589 2982 715 3054 locum
739 2983 940 3082 suppleret,
960 3005 1101 3078 eaquae
1118 2992 1266 3048 narrata

216 3093 382 3183 fuerant,
401 3101 588 3168 memoriae
600 3095 718 3168 delixa
732 3095 935 3183 haerebant,
951 3112 984 3166 et
994 3120 1057 3191 per
1068 3091 1268 3164 orahomi-

219 3237 311 3283 num
326 3237 346 3283 a
360 3215 487 3310 primis
502 3211 664 3282 aetatibus
680 3237 795 3310 usque
813 3211 859 3282 ad
870 3211 1133 3282 ¹remotissimas
1152 3205 1267 3276 trade-

218 3323 354 3397 bantur
368 3331 406 3398 in
422 3344 597 3398 aeternum
612 3326 797 3398 duratura.

268 3441 393 3513 Multis
406 3461 487 3541 post
498 3447 603 3514 annis
615 3461 744 3540 sponte
758 3445 894 3530 evenit,
909 3457 951 3511 ut
963 3438 1115 3537 quidam
1130 3439 1268 3506 caeteris

221 3555 473 3644 facundiores,
506 3574 539 3627 et
563 3557 648 3628 rudi
673 3556 844 3656 quidem,
870 3553 931 3624 sed
954 3575 1090 3649 magno
1117 3552 1268 3646 ingenio

221 3669 381 3771 praediti,
404 3695 522 3766 operae
541 3676 700 3769 pretium
721 3669 799 3741 fore
817 3672 1052 3767 cogitaverint
1070 3681 1104 3734 et
1120 3681 1269 3762 gratum

223 3783 363 3858 civibus
373 3809 528 3873 munus,
542 3789 571 3856 si
583 3802 635 3858 tot
645 3784 827 3858 factorum
836 3781 1026 3881 quaevulgi
1034 3777 1268 3850 sermonibus

225 3903 292 3970 teri
301 3897 646 3990 animadverterant,
659 3925 779 3974 unum
790 3897 891 3970 haud
900 3914 1031 3970 temere
1038 3909 1269 3990 excerptum,
