2676 4602
248 317 313 385 250
578 297 962 380 conuenturam

243 443 368 522 quitur,
387 437 617 511 dolentissime‚
638 438 705 497 Hoc
722 433 817 496 solum
835 455 943 496 nomen
957 440 1100 518 quoniam
1118 440 1155 499 de
1172 441 1297 526 conjuqe

243 541 346 602 restat‚·
357 525 505 610 quiajam
518 546 580 586 esse
594 527 639 585 vis
652 523 781 607 hospes,
796 535 827 585 et
839 535 962 585 tantum
975 524 1100 608 hospes.

285 616 352 676 325.
375 617 532 674 Hactenus
551 615 706 674 recensuit
722 611 806 674 mala
824 615 996 694 prseterita,
1018 617 1052 674 iu
1072 637 1146 699 quae
1165 620 1296 680 incurrit
1330 651 1331 706 t

245 717 376 786 propter
387 705 532 764 AEneam:
551 723 636 763 nuuc
652 723 684 762 se
701 704 837 784 accingit
854 701 893 762 ad
910 705 1067 764 narranda
1082 705 1210 784 futura,
1229 730 1295 789 quae

245 805 388 866 manent,
403 794 428 850 si
441 791 620 852 deseratur:
636 791 783 874 quidest,
796 791 881 872 quod
891 793 957 852 sine
969 805 1015 868 te,
1028 808 1059 852 et
1069 792 1126 854 abs
1136 809 1169 855 te
1180 795 1296 856 deserta
1330 839 1331 868 p

244 880 340 941 velim
358 881 479 941 vivere?
502 903 541 941 an
556 902 675 958 morer,
694 881 765 942 dum
778 882 877 965 froter
893 881 1074 962 qumalion
1086 883 1221 946 destruat
1234 906 1297 944 mea
1330 873 1331 948 l

245 969 370 1030 moenia?
389 973 493 1050 Quam
508 986 587 1032 esset
601 973 750 1031 miserum
764 969 870 1030 videre
884 989 1018 1052 regnum
1029 991 1125 1031 suum
1138 993 1298 1048 eversum,
1330 949 1331 992 t

243 1072 277 1120 et
291 1080 308 1118 a
323 1057 432 1141 fratre!
445 1060 496 1122 sed
508 1061 595 1138 vide,
608 1073 645 1121 ut
656 1071 772 1122 crescat
784 1061 901 1136 oratio,
915 1073 969 1120 aut
978 1073 1096 1142 captam
1110 1061 1204 1123 ducat
1216 1065 1300 1124 Geta-

246 1144 291 1206 lus
304 1147 428 1208 iarios?
438 1149 565 1226 Quanto
578 1163 625 1211 est
637 1149 780 1210 acerbius
790 1151 896 1208 vivam
908 1149 995 1229 capi,
1010 1161 1041 1208 et
1053 1146 1129 1208 duci
1145 1151 1181 1208 in
1195 1152 1301 1210 trium·
1330 1139 1331 1226 l

245 1233 363 1318 phum!
1330 1233 1331 1320 l

286 1327 353 1410 327.
373 1329 526 1404 conatur,
547 1341 583 1390 ut
603 1329 714 1390 saltem
735 1327 846 1410 fugam
864 1327 975 1388 AEneas
994 1325 1124 1388 differat
1140 1349 1245 1410 usque
1264 1328 1302 1387 ad
1330 1325 1331 1418 p

245 1421 495 1498 procreationem
507 1418 623 1479 sobolis
636 1441 642 1478 :
656 1439 730 1478 nam
743 1419 787 1478 ita
799 1437 901 1500 neque
913 1429 1003 1499 capta
1019 1415 1059 1478 ab
1075 1415 1190 1492 larba,
1203 1439 1302 1500 neque
1330 1443 1331 1536 p

243 1508 378 1566 omnino
393 1507 514 1570 deserta
528 1509 701 1583 videbitur,
724 1509 751 1568 si
770 1505 885 1568 haheat
905 1505 946 1567 ab
964 1509 1059 1567 AEnea
1081 1507 1152 1567 viro
1175 1509 1303 1568 AEneam
1330 1537 1331 1580 ;

246 1590 363 1669 filium,
381 1598 436 1677 qui
454 1597 488 1655 in
506 1596 577 1657 aula
592 1595 747 1670 colludat,
768 1597 824 1677 qui
838 1594 953 1656 referat
964 1609 1089 1677 patrem
1102 1607 1224 1656 tantum
1238 1617 1304 1656 ore:
1330 1619 1331 1676 p

243 1681 393 1762 praeclare
410 1704 463 1744 ore
481 1699 604 1746 tantum
620 1685 689 1746 vult
704 1683 854 1762 similem,
875 1705 940 1744 non
953 1685 1077 1759 animo,
1099 1681 1302 1757 crudelitate,
1330 1679 1331 1744 l

246 1769 389 1850 perfidia.
403 1772 571 1835 Considera
586 1774 689 1835 adhuc
701 1775 795 1835 rerba
810 1774 891 1849 duo,
913 1773 1116 1856 antcfuqom5
1137 1793 1303 1854 nunquam
1330 1769 1331 1780 ¹

246 1859 331 1917 enim
344 1857 382 1918 de
396 1858 457 1922 hac
471 1861 666 1944 profectione
681 1863 838 1945 loquitur,
850 1861 910 1922 nisi
923 1862 1053 1921 nomine
1066 1859 1167 1942 fugae,
1186 1875 1244 1920 aut
1257 1859 1303 1918 de·
1330 1861 1331 1866 ’

245 1947 402 2010 sertionis.
416 1950 571 2030 Alterum,
586 1975 651 2016 non
664 1967 754 2036 capta
765 1966 821 2012 aut
831 1951 952 2014 deserta
962 1950 1088 2024 viderem
1100 1951 1198 2032 quasi
1209 1948 1305 2022 dicat,

248 2055 348 2096 essem
359 2037 487 2118 quidem
497 2057 591 2125 capta
601 2056 655 2103 aut
664 2043 801 2117 deserta,
815 2039 945 2102 sednon
957 2038 1095 2114 viderer,
1106 2051 1141 2098 et
1152 2036 1218 2098 hoc
1229 2035 1304 2096 mihi

246 2126 323 2184 satis
338 2125 378 2186 ad
391 2127 550 2192 solatium.
563 2135 606 2194 Ut
620 2147 724 2193 autem
734 2132 851 2213 incepit
865 2149 902 2190 ex
915 2126 1068 2210 abrupto,
1081 2129 1128 2187 sic
1143 2125 1265 2186 desinit
1276 2129 1305 2183 in
1330 2129 1331 2206 f

246 2212 428 2297 abruptum.
449 2219 497 2280 An
515 2233 550 2282 tu
569 2235 675 2304 putas,
695 2223 825 2295 Lector,
847 2233 877 2278 te
896 2219 1102 2277 inventurum
1125 2217 1305 2274 orationem
1330 2215 1331 2308 l

281 2356 343 2427 327.
354 2361 461 2414 Saltem.
474 2362 524 2416 Vet
535 2364 582 2417 lroc
592 2387 600 2415 .-
612 2377 750 2418 estautem
793 2379 872 2415 ueras
888 2377 982 2414 manus
993 2397 1001 2426 ,
1013 2357 1099 2410 Dulce
1110 2356 1204 2409 rideat
1217 2355 1255 2408 ad
1265 2375 1307 2427 pa·

248 2449 335 2487 sermo
343 2449 444 2492 tractus
453 2461 468 2494 a
477 2445 598 2514 captivis,
609 2447 655 2515 qui
666 2463 749 2518 quum
793 2454 861 2494 trem
873 2439 1036 2494 Semilriaute
1054 2435 1168 2488 labello.
1183 2461 1196 2484 a
1209 2466 1246 2476 -
1258 2437 1307 2487 Lu·

246 2515 413 2586 frequentius
426 2520 460 2572 ab
472 2521 594 2574 hostibus
610 2536 750 2594 captat-eu·
793 2522 870 2574 deret.
890 2521 1004 2583 Ludere,
1022 2518 1136 2588 proprie
1156 2533 1306 2587 puerorum
1330 2545 1331 2576 3

249 2607 308 2662 tur,
327 2596 468 2667 dicebaut,
484 2601 596 2656 Sublatis
614 2604 747 2670 omnibus,
793 2614 850 2667 est3
862 2599 933 2652 unde
951 2611 977 2650 et
993 2597 1085 2651 truitae
1098 2596 1189 2647 Graeci
1204 2592 1259 2647 ae'rri
1269 2591 1310 2645 rai
1330 2613 1331 2620 ¹

240 2674 749 2756 -satutemconoedesindepersynaere-
793 2681 903 2750 παίζειν,
925 2697 941 2732 a
960 2677 1091 2742 ludendo,
1115 2675 1172 2728 diei
1196 2675 1306 2746 quidam

247 2757 289 2807 sin
299 2755 345 2810 hic
354 2772 433 2814 uatus
443 2774 483 2816 est
495 2781 596 2827 sermm
608 2777 638 2817 ut
648 2766 675 2816 iu
685 2781 750 2818 con·
792 2760 895 2813 volunt.
909 2756 1031 2810 Juvenal.
1044 2755 1099 2807 Sat.
1113 2755 1149 2820 V,
1167 2755 1229 2806 138.

247 2847 350 2908 tempta
368 2859 457 2893 rerum
474 2843 619 2896 multarum
638 2844 749 2917 petituri
829 2841 890 2909 329.
908 2839 960 2909 Qui
978 2848 1002 2888 te
1015 2846 1119 2888 tantum
1134 2853 1179 2886 ore
1192 2834 1306 2906 referret.
1330 2845 1331 2890 j

248 2917 749 2997 aliquidsaltemdieamus3quasiquod
792 2920 847 2972 Aut
863 2921 901 2972 sic
918 2917 1001 2980 dixit,
1017 2915 1095 2987 quasi
1113 2915 1234 2964 amatrix
1240 2935 1248 2976 ;
1265 2925 1307 2964 aut
1330 2925 1331 2982 ᾗ

247 3003 455 3071 negariminime
463 3004 569 3068 debean
576 3025 659 3078 quum
667 3019 749 3059 extre-
793 2999 861 3051 illud
871 2999 1083 3066 tlicitroptarem
1093 2991 1182 3042 lilium
1191 2993 1306 3044 similem
1330 3071 1331 3074 Ἴ

248 3098 320 3130 mum
331 3079 433 3151 aliquid
442 3083 552 3152 petitur,
562 3084 624 3135 inde
634 3088 752 3138 necessi.
794 3077 898 3142 vultui,
910 3095 966 3128 non
978 3073 1099 3126 moribus
1110 3075 1174 3121 tuis.
1189 3072 1263 3124 Seru.
1275 3101 1306 3109 —

249 3170 303 3210 tate
312 3159 420 3211 additur
429 3159 529 3225 saltem,
540 3163 749 3231 relutisalutem‚
795 3158 842 3210 Est
852 3169 878 3210 et
891 3157 944 3209 elia
955 3155 1051 3219 lectio,
1064 3153 1149 3224 quite
1162 3161 1254 3201 tamen
1267 3167 1307 3201 ore

248 3251 386 3308 postremo
396 3252 556 3310 poscentes,
572 3240 616 3293 vel
626 3243 751 3309 salutem,
797 3238 902 3311 referret
915 3259 922 3286 :
939 3236 982 3287 cui
995 3233 1106 3285 lectioni
1121 3231 1251 3282 nonnulli
1263 3249 1306 3280 ve·

249 3320 271 3368 si
284 3319 361 3372 aliter
370 3339 425 3370 nou
438 3331 534 3390 potest.
547 3321 618 3373 Dido
630 3337 702 3377 recte
714 3329 753 3378 ait
797 3331 867 3370 teres
886 3315 993 3368 codices
1012 3309 1228 3382 adstipulantur.
1242 3311 1305 3378 Qua

247 3396 353 3462 saltem,
366 3415 423 3466 quae
434 3415 461 3449 se
471 3411 574 3471 captam
584 3415 668 3473 putat.
680 3407 750 3458 Seru.
799 3396 907 3468 quidem
924 3395 1011 3446 oratio
1025 3404 1052 3444 et
1066 3393 1128 3463 ipsa
1145 3391 1265 3443 aflectus
1282 3401 1305 3440 et

259 3519 261 3530 .
285 3476 346 3528 328.
363 3478 392 3529 Si
408 3478 465 3548 qais
484 3480 560 3531 milti.
581 3483 652 3536 Beue
672 3487 752 3536 iterat
796 3477 894 3530 amoris
906 3474 988 3545 plena
999 3483 1047 3524 est.
1064 3471 1110 3522 Ait
1120 3471 1195 3522 enim
1212 3489 1219 3521 :
1236 3469 1304 3519 «Ta-

249 3553 335 3604 miln':
350 3568 377 3606 et
393 3557 540 3612 secundum
553 3563 597 3632 jus
611 3562 749 3634 loquitur:
795 3557 873 3608 messi
894 3571 997 3618 summo
1022 3567 1105 3622 opere
1127 3551 1304 3620 concupiscat

250 3651 313 3686 nam
327 3634 438 3689 ubiuon
450 3653 490 3692 est
498 3644 601 3711 justum
612 3647 751 3698 matrim.
794 3633 878 3686 filium
899 3652 931 3686 ex
949 3635 1034 3688 AEnea
1052 3631 1213 3702 suscipere3
1234 3628 1304 3680 nolle

250 3713 341 3779 ”lumi
360 3713 439 3768 liberi
459 3733 572 3775 matrem
592 3738 748 3795 sequuntur,
794 3727 900 3779 tamen,
915 3713 966 3764 nisi
981 3713 1052 3783 patri
1064 3712 1175 3764 futurus
1186 3712 1224 3761 sit
1235 3709 1304 3760 simi-

249 3793 321 3843 Setv·
330 3796 508 3854 -Parvulus
520 3803 660 3876 Sumptum
670 3805 750 3858 credo
796 3793 829 3847 lis
841 3813 904 3846 suo:
918 3806 1029 3864 totaque
1046 3793 1074 3842 iu
1090 3809 1123 3842 eo
1142 3804 1201 3856 est,
1219 3803 1249 3840 ut
1260 3806 1303 3838 os-

250 3889 283 3922 ex
295 3870 415 3941 Catullo,
432 3881 477 3949 qui
493 3882 521 3933 in
536 3883 643 3955 Nuptiis
656 3879 709 3937 tul:
726 3895 753 3937 et
797 3875 905 3942 tendat,
918 3893 945 3926 se
956 3891 1082 3944 regnum,
1094 3889 1179 3942 opes,
1191 3872 1302 3934 famam,

252 3949 316 4002 Mal·
340 3977 350 4001 t
368 3957 519 4029 Torquatus
540 3963 601 4014 volo
626 3963 752 4034 parvulus
798 3952 1302 4025 omniadeniqueposthabuisse‚prre

251 4023 546 4100 illatrisegreoriosuae
560 4035 699 4108 Porrigeus
715 4049 754 4090 te·
798 4053 855 4088 uuo
869 4037 969 4099 AEnea,
985 4050 1039 4106 quo
1056 4035 1079 4084 si
1098 4033 1185 4104 potiri
1202 4048 1256 4084 uon
1273 4027 1304 4078 li·
1330 4079 1331 4082 ,
