<?xml version="1.0" encoding="UTF-8"?>
<!DOCTYPE html PUBLIC "-//W3C//DTD XHTML 1.0 Transitional//EN"
    "http://www.w3.org/TR/xhtml1/DTD/xhtml1-transitional.dtd">
<html xmlns="http://www.w3.org/1999/xhtml" xml:lang="en" lang="en">
 <head>
  <title>
</title>
<meta http-equiv="Content-Type" content="text/html;charset=utf-8" />
  <meta name='ocr-system' content='tesseract 3.04.00' />
  <meta name='ocr-capabilities' content='ocr_page ocr_carea ocr_par ocr_line ocrx_word'/>
</head>
<body>
  <div class='ocr_page' id='page_1' title='image "./pvirgiliusmaroq02barbgoog_0418.png"; bbox 0 0 2646 4606; ppageno 0'>
   <div class='ocr_carea' id='block_1_1' title="bbox 204 275 917 385">
    <p class='ocr_par' dir='ltr' id='par_1_1' title="bbox 204 275 917 385">
     <span class='ocr_line' id='line_1_1' title="bbox 204 275 917 385; baseline -0.038 -23"><span class='ocrx_word' id='word_1_1' title='bbox 204 298 269 385; x_wconf 75' lang='lat'><strong>372</strong></span> <span class='ocrx_word' id='word_1_2' title='bbox 519 275 917 350; x_wconf 75' lang='lat' dir='ltr'>‘COMMENTARIA</span> 
     </span>
    </p>
   </div>
   <div class='ocr_carea' id='block_1_2' title="bbox 187 389 1309 3414">
    <p class='ocr_par' dir='ltr' id='par_1_2' title="bbox 202 159 1309 674">
     <span class='ocr_line' id='line_1_2' title="bbox 202 389 1254 490; baseline -0.033 -8"><span class='ocrx_word' id='word_1_3' title='bbox 202 417 330 482; x_wconf 79' lang='lat' dir='ltr'>tissimi:</span> <span class='ocrx_word' id='word_1_4' title='bbox 344 421 388 474; x_wconf 88' lang='lat' dir='ltr'><strong>est</strong></span> <span class='ocrx_word' id='word_1_5' title='bbox 396 409 449 470; x_wconf 90' lang='lat' dir='ltr'><strong>hic</strong></span> <span class='ocrx_word' id='word_1_6' title='bbox 457 407 654 490; x_wconf 71' lang='lat' dir='ltr'><strong>praecipitans,</strong></span> <span class='ocrx_word' id='word_1_7' title='bbox 665 400 896 483; x_wconf 73' lang='lat' dir='ltr'><strong>praecipitatus:</strong></span> <span class='ocrx_word' id='word_1_8' title='bbox 910 396 944 452; x_wconf 90' lang='lat' dir='ltr'><strong>in</strong></span> <span class='ocrx_word' id='word_1_9' title='bbox 953 389 1016 451; x_wconf 80' lang='lat' dir='ltr'><strong>illis</strong></span> <span class='ocrx_word' id='word_1_10' title='bbox 1028 392 1107 450; x_wconf 83' lang='lat' dir='ltr'><strong>traxi</strong></span> <span class='ocrx_word' id='word_1_11' title='bbox 1119 409 1254 462; x_wconf 84' lang='lat' dir='ltr'><strong>meeum,</strong></span> 
     </span>
     <span class='ocr_line' id='line_1_3' title="bbox 203 479 1254 574; baseline -0.03 -6"><span class='ocrx_word' id='word_1_12' title='bbox 203 508 276 570; x_wconf 83' lang='lat' dir='ltr'><strong>vide</strong></span> <span class='ocrx_word' id='word_1_13' title='bbox 286 503 431 566; x_wconf 89' lang='lat' dir='ltr'><strong>habitum</strong></span> <span class='ocrx_word' id='word_1_14' title='bbox 442 495 592 568; x_wconf 87' lang='lat' dir='ltr'><strong>cadentis,</strong></span> <span class='ocrx_word' id='word_1_15' title='bbox 603 487 798 574; x_wconf 87' lang='lat' dir='ltr'><strong>qui,quibus</strong></span> <span class='ocrx_word' id='word_1_16' title='bbox 807 485 916 558; x_wconf 77' lang='lat' dir='ltr'><strong>haeret,</strong></span> <span class='ocrx_word' id='word_1_17' title='bbox 930 479 1069 552; x_wconf 85' lang='lat' dir='ltr'><strong>revellit,</strong></span> <span class='ocrx_word' id='word_1_18' title='bbox 1080 497 1254 558; x_wconf 85' lang='lat' dir='ltr'>secumque</span> 
     </span>
     <span class='ocr_line' id='line_1_4' title="bbox 205 587 1176 674; baseline -0.03 -14"><span class='ocrx_word' id='word_1_19' title='bbox 205 596 318 670; x_wconf 85' lang='lat' dir='ltr'><strong>trahit,</strong></span> <span class='ocrx_word' id='word_1_20' title='bbox 332 587 513 674; x_wconf 69' lang='lat' dir='ltr'><strong>presidium</strong></span> <span class='ocrx_word' id='word_1_21' title='bbox 526 601 689 662; x_wconf 86' lang='lat' dir='ltr'><strong>occupans.</strong></span> <span class='ocrx_word' id='word_1_22' title='bbox 1173 599 1176 604; x_wconf 91' lang='lat'>·</span> 
     </span>
    </p>

    <p class='ocr_par' dir='ltr' id='par_1_3' title="bbox 206 573 1309 1294">
     <span class='ocr_line' id='line_1_5' title="bbox 245 661 1255 761; baseline -0.032 -16"><span class='ocrx_word' id='word_1_23' title='bbox 245 685 313 745; x_wconf 81' lang='lat'><strong>351.</strong></span> <span class='ocrx_word' id='word_1_24' title='bbox 328 686 425 761; x_wconf 76' lang='grc' dir='ltr'>Πρέπον</span> <span class='ocrx_word' id='word_1_25' title='bbox 436 674 608 736; x_wconf 87' lang='lat' dir='ltr'><strong>maximum</strong></span> <span class='ocrx_word' id='word_1_26' title='bbox 620 691 627 726; x_wconf 74' lang='grc' dir='ltr'>ε</span> <span class='ocrx_word' id='word_1_27' title='bbox 644 679 740 728; x_wconf 88' lang='lat' dir='ltr'><strong>nauta</strong></span> <span class='ocrx_word' id='word_1_28' title='bbox 752 666 834 722; x_wconf 87' lang='lat' dir='ltr'><strong>enim</strong></span> <span class='ocrx_word' id='word_1_29' title='bbox 843 663 928 742; x_wconf 86' lang='lat' dir='ltr'><strong>jurat</strong></span> <span class='ocrx_word' id='word_1_30' title='bbox 937 680 995 742; x_wconf 89' lang='lat' dir='ltr'><strong>per</strong></span> <span class='ocrx_word' id='word_1_31' title='bbox 1006 661 1118 730; x_wconf 83' lang='lat' dir='ltr'><strong>maria,</strong></span> <span class='ocrx_word' id='word_1_32' title='bbox 1133 669 1167 716; x_wconf 93' lang='lat' dir='ltr'><strong>et</strong></span> <span class='ocrx_word' id='word_1_33' title='bbox 1177 675 1255 736; x_wconf 84' lang='lat' dir='ltr'><strong>aspe-</strong></span> 
     </span>
     <span class='ocr_line' id='line_1_6' title="bbox 206 745 1256 844; baseline -0.031 -11"><span class='ocrx_word' id='word_1_34' title='bbox 206 796 253 844; x_wconf 85' lang='lat' dir='ltr'><strong>ra,</strong></span> <span class='ocrx_word' id='word_1_35' title='bbox 266 768 384 830; x_wconf 88' lang='lat' dir='ltr'><strong>addens</strong></span> <span class='ocrx_word' id='word_1_36' title='bbox 398 767 460 824; x_wconf 89' lang='lat' dir='ltr'><strong>vim</strong></span> <span class='ocrx_word' id='word_1_37' title='bbox 470 761 665 842; x_wconf 83' lang='lat' dir='ltr'><strong>juramento:</strong></span> <span class='ocrx_word' id='word_1_38' title='bbox 680 753 806 814; x_wconf 81' lang='lat' dir='ltr'><strong>adderet</strong></span> <span class='ocrx_word' id='word_1_39' title='bbox 819 753 904 810; x_wconf 82' lang='lat' dir='ltr'><strong>enirn</strong></span> <span class='ocrx_word' id='word_1_40' title='bbox 917 751 996 823; x_wconf 90' lang='lat' dir='ltr'><strong>vim,</strong></span> <span class='ocrx_word' id='word_1_41' title='bbox 1011 747 1122 826; x_wconf 86' lang='lat' dir='ltr'><strong>siquis</strong></span> <span class='ocrx_word' id='word_1_42' title='bbox 1134 745 1256 824; x_wconf 86' lang='lat' dir='ltr'><strong>juraret</strong></span> 
     </span>
     <span class='ocr_line' id='line_1_7' title="bbox 207 833 1255 944; baseline -0.03 -23"><span class='ocrx_word' id='word_1_43' title='bbox 207 881 263 944; x_wconf 89' lang='lat' dir='ltr'><strong>per</strong></span> <span class='ocrx_word' id='word_1_44' title='bbox 276 860 377 918; x_wconf 89' lang='lat' dir='ltr'><strong>Deum</strong></span> <span class='ocrx_word' id='word_1_45' title='bbox 394 855 528 911; x_wconf 85' lang='lat' dir='ltr'><strong>iratum:</strong></span> <span class='ocrx_word' id='word_1_46' title='bbox 548 844 624 926; x_wconf 93' lang='lat' dir='ltr'><strong>quid</strong></span> <span class='ocrx_word' id='word_1_47' title='bbox 639 863 713 903; x_wconf 89' lang='lat' dir='ltr'><strong>vero</strong></span> <span class='ocrx_word' id='word_1_48' title='bbox 727 837 830 922; x_wconf 80' lang='lat' dir='ltr'><strong>jurat?</strong></span> <span class='ocrx_word' id='word_1_49' title='bbox 848 859 880 898; x_wconf 91' lang='lat' dir='ltr'><strong>se</strong></span> <span class='ocrx_word' id='word_1_50' title='bbox 896 839 994 916; x_wconf 75' lang='lat' dir='ltr'><strong>magis</strong></span> <span class='ocrx_word' id='word_1_51' title='bbox 1011 836 1144 894; x_wconf 84' lang='lat' dir='ltr'><strong>anxium</strong></span> <span class='ocrx_word' id='word_1_52' title='bbox 1161 833 1255 891; x_wconf 82' lang='lat' dir='ltr'><strong>fuisse</strong></span> 
     </span>
     <span class='ocr_line' id='line_1_8' title="bbox 209 919 1309 1016; baseline -0.028 -8"><span class='ocrx_word' id='word_1_53' title='bbox 209 949 247 1008; x_wconf 92' lang='lat' dir='ltr'><strong>de</strong></span> <span class='ocrx_word' id='word_1_54' title='bbox 264 945 363 1005; x_wconf 85' lang='lat' dir='ltr'><strong>salute</strong></span> <span class='ocrx_word' id='word_1_55' title='bbox 380 943 497 1012; x_wconf 84' lang='lat' dir='ltr'><strong>AEneoe,</strong></span> <span class='ocrx_word' id='word_1_56' title='bbox 516 955 611 1016; x_wconf 87' lang='lat' dir='ltr'><strong>quam</strong></span> <span class='ocrx_word' id='word_1_57' title='bbox 628 931 667 992; x_wconf 90' lang='lat' dir='ltr'><strong>de</strong></span> <span class='ocrx_word' id='word_1_58' title='bbox 684 951 760 990; x_wconf 89' lang='lat' dir='ltr'><strong>sua:</strong></span> <span class='ocrx_word' id='word_1_59' title='bbox 779 929 886 1001; x_wconf 80' lang='lat' dir='ltr'><strong>annis,</strong></span> <span class='ocrx_word' id='word_1_60' title='bbox 898 926 934 985; x_wconf 85' lang='lat' dir='ltr'><strong>id</strong></span> <span class='ocrx_word' id='word_1_61' title='bbox 947 940 1006 1000; x_wconf 88' lang='lat' dir='ltr'><strong>est,</strong></span> <span class='ocrx_word' id='word_1_62' title='bbox 1023 925 1073 985; x_wconf 84' lang='lat' dir='ltr'><strong>vel</strong></span> <span class='ocrx_word' id='word_1_63' title='bbox 1089 919 1256 982; x_wconf 83' lang='lat' dir='ltr'><strong>navalibus</strong></span> <span class='ocrx_word' id='word_1_64' title='bbox 1308 947 1309 1006; x_wconf 33' lang='grc' dir='ltr'><strong>ἦ</strong></span> 
     </span>
     <span class='ocr_line' id='line_1_9' title="bbox 208 1003 1257 1098; baseline -0.029 -1"><span class='ocrx_word' id='word_1_65' title='bbox 208 1003 1257 1098; x_wconf 74' lang='lat' dir='ltr'><strong>instrumentisincommuni,velsingularitergubernaculo,quod</strong></span> 
     </span>
     <span class='ocr_line' id='line_1_10' title="bbox 209 1103 1309 1208; baseline -0.027 -22"><span class='ocrx_word' id='word_1_66' title='bbox 209 1129 276 1208; x_wconf 90' lang='lat' dir='ltr'><strong>ipse</strong></span> <span class='ocrx_word' id='word_1_67' title='bbox 290 1120 404 1183; x_wconf 89' lang='lat' dir='ltr'><strong>cadens</strong></span> <span class='ocrx_word' id='word_1_68' title='bbox 416 1135 520 1178; x_wconf 87' lang='lat' dir='ltr'><strong>secum</strong></span> <span class='ocrx_word' id='word_1_69' title='bbox 530 1124 673 1172; x_wconf 76' lang='lat' dir='ltr'><strong>traxerat.</strong></span> <span class='ocrx_word' id='word_1_70' title='bbox 689 1107 802 1167; x_wconf 88' lang='lat' dir='ltr'><strong>Oratio</strong></span> <span class='ocrx_word' id='word_1_71' title='bbox 811 1107 870 1164; x_wconf 90' lang='lat' dir='ltr'><strong>ista</strong></span> <span class='ocrx_word' id='word_1_72' title='bbox 880 1106 1091 1163; x_wconf 73' lang='lat' dir='ltr'><strong>navitexca&#39;ssa</strong></span> <span class='ocrx_word' id='word_1_73' title='bbox 1099 1103 1256 1180; x_wconf 77' lang='lat' dir='ltr'><strong>maqistto,</strong></span> <span class='ocrx_word' id='word_1_74' title='bbox 1308 1107 1309 1162; x_wconf 74' lang='lat' dir='ltr'><strong>l</strong></span> 
     </span>
     <span class='ocr_line' id='line_1_11' title="bbox 210 1193 946 1294; baseline -0.033 -21"><span class='ocrx_word' id='word_1_75' title='bbox 210 1227 256 1274; x_wconf 88' lang='lat' dir='ltr'><strong>est</strong></span> <span class='ocrx_word' id='word_1_76' title='bbox 267 1207 451 1294; x_wconf 75' lang='lat' dir='ltr'>hypallage,</span> <span class='ocrx_word' id='word_1_77' title='bbox 462 1223 537 1286; x_wconf 91' lang='lat' dir='ltr'><strong>pro,</strong></span> <span class='ocrx_word' id='word_1_78' title='bbox 551 1200 850 1278; x_wconf 69' lang='lat' dir='ltr'><strong>magister-excussus</strong></span> <span class='ocrx_word' id='word_1_79' title='bbox 863 1193 946 1251; x_wconf 82' lang='lat' dir='ltr'><strong>navi.</strong></span> 
     </span>
    </p>

    <p class='ocr_par' dir='ltr' id='par_1_4' title="bbox 211 1274 1309 2791">
     <span class='ocr_line' id='line_1_12' title="bbox 252 1274 1257 1374; baseline -0.027 -15"><span class='ocrx_word' id='word_1_80' title='bbox 252 1301 320 1359; x_wconf 81' lang='lat'><strong>355.</strong></span> <span class='ocrx_word' id='word_1_81' title='bbox 340 1294 445 1374; x_wconf 76' lang='lat' dir='ltr'><strong>Pergit</strong></span> <span class='ocrx_word' id='word_1_82' title='bbox 461 1291 689 1360; x_wconf 79' lang='lat' dir='ltr'><strong>narrationem,</strong></span> <span class='ocrx_word' id='word_1_83' title='bbox 709 1298 740 1343; x_wconf 90' lang='lat' dir='ltr'><strong>et</strong></span> <span class='ocrx_word' id='word_1_84' title='bbox 755 1282 836 1342; x_wconf 88' lang='lat' dir='ltr'><strong>hanc</strong></span> <span class='ocrx_word' id='word_1_85' title='bbox 853 1280 977 1362; x_wconf 85' lang='lat' dir='ltr'><strong>plenam</strong></span> <span class='ocrx_word' id='word_1_86' title='bbox 994 1280 1120 1360; x_wconf 78' lang='lat' dir='ltr'><strong>magnis</strong></span> <span class='ocrx_word' id='word_1_87' title='bbox 1138 1274 1257 1336; x_wconf 83' lang='lat' dir='ltr'><strong>affecti-</strong></span> 
     </span>
     <span class='ocr_line' id='line_1_13' title="bbox 211 1364 1257 1464; baseline -0.026 -16"><span class='ocrx_word' id='word_1_88' title='bbox 211 1390 288 1450; x_wconf 85' lang='lat' dir='ltr'><strong>bus:</strong></span> <span class='ocrx_word' id='word_1_89' title='bbox 305 1387 387 1464; x_wconf 76' lang='lat' dir='ltr'><strong>finge</strong></span> <span class='ocrx_word' id='word_1_90' title='bbox 399 1395 503 1440; x_wconf 85' lang='lat' dir='ltr'><strong>tecum</strong></span> <span class='ocrx_word' id='word_1_91' title='bbox 518 1378 666 1436; x_wconf 87' lang='lat' dir='ltr'><strong>miserum</strong></span> <span class='ocrx_word' id='word_1_92' title='bbox 680 1369 881 1450; x_wconf 75' lang='lat' dir='ltr'><strong>naufragum,</strong></span> <span class='ocrx_word' id='word_1_93' title='bbox 902 1365 1053 1427; x_wconf 87' lang='lat' dir='ltr'><strong>fluctibus</strong></span> <span class='ocrx_word' id='word_1_94' title='bbox 1070 1367 1181 1426; x_wconf 88' lang='lat' dir='ltr'><strong>triduo</strong></span> <span class='ocrx_word' id='word_1_95' title='bbox 1197 1364 1257 1442; x_wconf 82' lang='lat' dir='ltr'><strong>agi-</strong></span> 
     </span>
     <span class='ocr_line' id='line_1_14' title="bbox 211 1457 1309 1554; baseline -0.026 -17"><span class='ocrx_word' id='word_1_96' title='bbox 211 1492 329 1538; x_wconf 89' lang='lat' dir='ltr'><strong>tatum:</strong></span> <span class='ocrx_word' id='word_1_97' title='bbox 346 1492 455 1554; x_wconf 90' lang='lat' dir='ltr'><strong>quem,</strong></span> <span class='ocrx_word' id='word_1_98' title='bbox 469 1480 637 1550; x_wconf 87' lang='lat' dir='ltr'><strong>postquam</strong></span> <span class='ocrx_word' id='word_1_99' title='bbox 647 1464 755 1523; x_wconf 89' lang='lat' dir='ltr'><strong>salutis</strong></span> <span class='ocrx_word' id='word_1_100' title='bbox 766 1481 833 1542; x_wconf 89' lang='lat' dir='ltr'><strong>spes</strong></span> <span class='ocrx_word' id='word_1_101' title='bbox 848 1458 953 1540; x_wconf 88' lang='lat' dir='ltr'><strong>aliqua</strong></span> <span class='ocrx_word' id='word_1_102' title='bbox 966 1457 1153 1530; x_wconf 83' lang='lat' dir='ltr'><strong>affulsisset,</strong></span> <span class='ocrx_word' id='word_1_103' title='bbox 1168 1468 1257 1534; x_wconf 86' lang='lat' dir='ltr'><strong>atque</strong></span> <span class='ocrx_word' id='word_1_104' title='bbox 1308 1513 1309 1540; x_wconf 62' lang='lat'><strong>,</strong></span> 
     </span>
     <span class='ocr_line' id='line_1_15' title="bbox 214 1539 1309 1640; baseline -0.025 -14"><span class='ocrx_word' id='word_1_105' title='bbox 214 1565 253 1626; x_wconf 91' lang='lat' dir='ltr'><strong>ad</strong></span> <span class='ocrx_word' id='word_1_106' title='bbox 266 1577 378 1624; x_wconf 90' lang='lat' dir='ltr'><strong>terram</strong></span> <span class='ocrx_word' id='word_1_107' title='bbox 392 1579 446 1640; x_wconf 89' lang='lat' dir='ltr'><strong>per</strong></span> <span class='ocrx_word' id='word_1_108' title='bbox 460 1569 634 1639; x_wconf 83' lang='lat' dir='ltr'><strong>praeruptos</strong></span> <span class='ocrx_word' id='word_1_109' title='bbox 647 1565 677 1612; x_wconf 92' lang='lat' dir='ltr'><strong>et</strong></span> <span class='ocrx_word' id='word_1_110' title='bbox 689 1549 802 1610; x_wconf 88' lang='lat' dir='ltr'><strong>arduos</strong></span> <span class='ocrx_word' id='word_1_111' title='bbox 817 1545 962 1629; x_wconf 88' lang='lat' dir='ltr'><strong>scapulos</strong></span> <span class='ocrx_word' id='word_1_112' title='bbox 975 1567 1046 1606; x_wconf 89' lang='lat' dir='ltr'><strong>cum</strong></span> <span class='ocrx_word' id='word_1_113' title='bbox 1062 1565 1188 1605; x_wconf 89' lang='lat' dir='ltr'><strong>summa</strong></span> <span class='ocrx_word' id='word_1_114' title='bbox 1202 1539 1257 1602; x_wconf 82' lang='lat' dir='ltr'><strong>dit·</strong></span> <span class='ocrx_word' id='word_1_115' title='bbox 1308 1549 1309 1616; x_wconf 55' lang='lat' dir='ltr'><strong>i</strong></span> 
     </span>
     <span class='ocr_line' id='line_1_16' title="bbox 214 1623 1309 1721; baseline -0.024 -7"><span class='ocrx_word' id='word_1_116' title='bbox 214 1654 351 1716; x_wconf 87' lang='lat' dir='ltr'><strong>fieultate</strong></span> <span class='ocrx_word' id='word_1_117' title='bbox 371 1649 530 1718; x_wconf 89' lang='lat' dir='ltr'><strong>aduasset,</strong></span> <span class='ocrx_word' id='word_1_118' title='bbox 552 1643 651 1702; x_wconf 87' lang='lat' dir='ltr'><strong>dirior</strong></span> <span class='ocrx_word' id='word_1_119' title='bbox 669 1643 736 1721; x_wconf 88' lang='lat' dir='ltr'><strong>ipso</strong></span> <span class='ocrx_word' id='word_1_120' title='bbox 754 1638 864 1720; x_wconf 73' lang='lat' dir='ltr'><strong>pelago</strong></span> <span class='ocrx_word' id='word_1_121' title='bbox 883 1636 1043 1696; x_wconf 90' lang='lat' dir='ltr'><strong>latronum</strong></span> <span class='ocrx_word' id='word_1_122' title='bbox 1061 1637 1111 1696; x_wconf 83' lang='lat' dir='ltr'><strong>vis</strong></span> <span class='ocrx_word' id='word_1_123' title='bbox 1130 1634 1256 1704; x_wconf 84' lang='lat' dir='ltr'><strong>invasit,</strong></span> <span class='ocrx_word' id='word_1_124' title='bbox 1308 1623 1309 1716; x_wconf 69' lang='lat' dir='ltr'><strong>l</strong></span> 
     </span>
     <span class='ocr_line' id='line_1_17' title="bbox 215 1719 1309 1821; baseline -0.023 -19"><span class='ocrx_word' id='word_1_125' title='bbox 215 1753 377 1821; x_wconf 87' lang='lat' dir='ltr'><strong>repentem</strong></span> <span class='ocrx_word' id='word_1_126' title='bbox 394 1753 540 1814; x_wconf 87' lang='lat' dir='ltr'><strong>corpore,</strong></span> <span class='ocrx_word' id='word_1_127' title='bbox 561 1744 593 1790; x_wconf 89' lang='lat' dir='ltr'><strong>et</strong></span> <span class='ocrx_word' id='word_1_128' title='bbox 605 1729 778 1809; x_wconf 76' lang='lat' dir='ltr'><strong>unguibus,</strong></span> <span class='ocrx_word' id='word_1_129' title='bbox 797 1723 993 1806; x_wconf 86' lang='lat' dir='ltr'><strong>pedibusque</strong></span> <span class='ocrx_word' id='word_1_130' title='bbox 1008 1722 1205 1782; x_wconf 86' lang='lat' dir='ltr'><strong>obnitentem</strong></span> <span class='ocrx_word' id='word_1_131' title='bbox 1222 1719 1257 1778; x_wconf 90' lang='lat' dir='ltr'><strong>ad</strong></span> <span class='ocrx_word' id='word_1_132' title='bbox 1308 1721 1309 1764; x_wconf 63' lang='lat' dir='ltr'><strong>i</strong></span> 
     </span>
     <span class='ocr_line' id='line_1_18' title="bbox 215 1811 1256 1902; baseline -0.02 -14"><span class='ocrx_word' id='word_1_133' title='bbox 215 1833 360 1898; x_wconf 84' lang='lat' dir='ltr'><strong>salutem,</strong></span> <span class='ocrx_word' id='word_1_134' title='bbox 382 1837 474 1902; x_wconf 90' lang='lat' dir='ltr'><strong>atque</strong></span> <span class='ocrx_word' id='word_1_135' title='bbox 490 1818 562 1878; x_wconf 90' lang='lat' dir='ltr'><strong>iude</strong></span> <span class='ocrx_word' id='word_1_136' title='bbox 576 1819 719 1878; x_wconf 87' lang='lat' dir='ltr'><strong>ferociter</strong></span> <span class='ocrx_word' id='word_1_137' title='bbox 732 1813 917 1875; x_wconf 84' lang='lat' dir='ltr'><strong>deturbavit.</strong></span> <span class='ocrx_word' id='word_1_138' title='bbox 936 1816 1014 1890; x_wconf 78' lang='lat' dir='ltr'><strong>Quae</strong></span> <span class='ocrx_word' id='word_1_139' title='bbox 1026 1811 1093 1872; x_wconf 75' lang='lat' dir='ltr'><strong>haec</strong></span> <span class='ocrx_word' id='word_1_140' title='bbox 1106 1811 1256 1872; x_wconf 82' lang='lat' dir='ltr'><strong>narratio!</strong></span> 
     </span>
     <span class='ocr_line' id='line_1_19' title="bbox 216 1901 1258 1987; baseline -0.016 -12"><span class='ocrx_word' id='word_1_141' title='bbox 216 1915 266 1974; x_wconf 86' lang='lat' dir='ltr'><strong>his</strong></span> <span class='ocrx_word' id='word_1_142' title='bbox 278 1914 372 1987; x_wconf 83' lang='lat' dir='ltr'><strong>adde,</strong></span> <span class='ocrx_word' id='word_1_143' title='bbox 387 1909 520 1970; x_wconf 86' lang='lat' dir='ltr'><strong>cadaver</strong></span> <span class='ocrx_word' id='word_1_144' title='bbox 529 1909 635 1987; x_wconf 87' lang='lat' dir='ltr'><strong>ipsum</strong></span> <span class='ocrx_word' id='word_1_145' title='bbox 644 1904 706 1964; x_wconf 93' lang='lat' dir='ltr'><strong>huc</strong></span> <span class='ocrx_word' id='word_1_146' title='bbox 716 1903 791 1964; x_wconf 89' lang='lat' dir='ltr'><strong>illue</strong></span> <span class='ocrx_word' id='word_1_147' title='bbox 800 1902 949 1962; x_wconf 81' lang='lat' dir='ltr'><strong>fluctibus</strong></span> <span class='ocrx_word' id='word_1_148' title='bbox 959 1903 1125 1982; x_wconf 86' lang='lat' dir='ltr'><strong>ventisque</strong></span> <span class='ocrx_word' id='word_1_149' title='bbox 1134 1901 1258 1974; x_wconf 84' lang='lat' dir='ltr'><strong>versari,</strong></span> 
     </span>
     <span class='ocr_line' id='line_1_20' title="bbox 218 1989 1259 2076; baseline -0.016 -12"><span class='ocrx_word' id='word_1_150' title='bbox 218 2027 252 2064; x_wconf 89' lang='lat' dir='ltr'><strong>ac</strong></span> <span class='ocrx_word' id='word_1_151' title='bbox 266 2005 377 2063; x_wconf 82' lang='lat' dir='ltr'><strong>misere</strong></span> <span class='ocrx_word' id='word_1_152' title='bbox 391 1996 478 2058; x_wconf 89' lang='lat' dir='ltr'><strong>allidi</strong></span> <span class='ocrx_word' id='word_1_153' title='bbox 491 1992 649 2076; x_wconf 89' lang='lat' dir='ltr'><strong>scapulis:</strong></span> <span class='ocrx_word' id='word_1_154' title='bbox 668 1991 747 2052; x_wconf 89' lang='lat' dir='ltr'><strong>nihil</strong></span> <span class='ocrx_word' id='word_1_155' title='bbox 760 1995 865 2072; x_wconf 90' lang='lat' dir='ltr'><strong>inepte</strong></span> <span class='ocrx_word' id='word_1_156' title='bbox 881 1990 1011 2050; x_wconf 85' lang='lat' dir='ltr'><strong>molitur</strong></span> <span class='ocrx_word' id='word_1_157' title='bbox 1021 1991 1124 2048; x_wconf 87' lang='lat' dir='ltr'><strong>Maro.</strong></span> <span class='ocrx_word' id='word_1_158' title='bbox 1141 1989 1224 2066; x_wconf 89' lang='lat' dir='ltr'><strong>Quid</strong></span> <span class='ocrx_word' id='word_1_159' title='bbox 1236 1990 1259 2048; x_wconf 88' lang='lat' dir='ltr'><strong>si</strong></span> 
     </span>
     <span class='ocr_line' id='line_1_21' title="bbox 219 2077 1258 2171; baseline -0.015 -19"><span class='ocrx_word' id='word_1_160' title='bbox 219 2093 280 2152; x_wconf 90' lang='lat' dir='ltr'><strong>alia</strong></span> <span class='ocrx_word' id='word_1_161' title='bbox 293 2089 448 2171; x_wconf 78' lang='lat' dir='ltr'><strong>quaepiam</strong></span> <span class='ocrx_word' id='word_1_162' title='bbox 460 2080 655 2144; x_wconf 84' lang='lat' dir='ltr'><strong>consideres?</strong></span> <span class='ocrx_word' id='word_1_163' title='bbox 671 2083 704 2140; x_wconf 92' lang='lat' dir='ltr'><strong>in</strong></span> <span class='ocrx_word' id='word_1_164' title='bbox 718 2079 823 2140; x_wconf 88' lang='lat' dir='ltr'><strong>triduo</strong></span> <span class='ocrx_word' id='word_1_165' title='bbox 838 2077 1033 2138; x_wconf 90' lang='lat' dir='ltr'><strong>numerando</strong></span> <span class='ocrx_word' id='word_1_166' title='bbox 1048 2077 1088 2136; x_wconf 91' lang='lat' dir='ltr'><strong>ad</strong></span> <span class='ocrx_word' id='word_1_167' title='bbox 1102 2093 1200 2140; x_wconf 83' lang='lat' dir='ltr'><strong>noctes</strong></span> <span class='ocrx_word' id='word_1_168' title='bbox 1211 2097 1258 2160; x_wconf 92' lang='lat' dir='ltr'><strong>pa-</strong></span> 
     </span>
     <span class='ocr_line' id='line_1_22' title="bbox 217 2165 1309 2254; baseline -0.013 -14"><span class='ocrx_word' id='word_1_169' title='bbox 217 2183 281 2240; x_wconf 87' lang='lat' dir='ltr'><strong>tius</strong></span> <span class='ocrx_word' id='word_1_170' title='bbox 294 2179 439 2248; x_wconf 86' lang='lat' dir='ltr'><strong>recurrit,</strong></span> <span class='ocrx_word' id='word_1_171' title='bbox 455 2193 550 2254; x_wconf 87' lang='lat' dir='ltr'><strong>quarn</strong></span> <span class='ocrx_word' id='word_1_172' title='bbox 563 2169 602 2230; x_wconf 91' lang='lat' dir='ltr'><strong>ad</strong></span> <span class='ocrx_word' id='word_1_173' title='bbox 614 2169 699 2244; x_wconf 87' lang='lat' dir='ltr'><strong>dies,</strong></span> <span class='ocrx_word' id='word_1_174' title='bbox 714 2171 823 2228; x_wconf 82' lang='lat' dir='ltr'><strong>utvim</strong></span> <span class='ocrx_word' id='word_1_175' title='bbox 835 2169 943 2242; x_wconf 85' lang='lat' dir='ltr'><strong>maris,</strong></span> <span class='ocrx_word' id='word_1_176' title='bbox 958 2178 988 2225; x_wconf 88' lang='lat' dir='ltr'><strong>et</strong></span> <span class='ocrx_word' id='word_1_177' title='bbox 998 2187 1089 2225; x_wconf 87' lang='lat' dir='ltr'><strong>suam</strong></span> <span class='ocrx_word' id='word_1_178' title='bbox 1102 2165 1259 2227; x_wconf 82' lang='lat' dir='ltr'><strong>calamita·</strong></span> <span class='ocrx_word' id='word_1_179' title='bbox 1308 2195 1309 2226; x_wconf 69' lang='lat' dir='ltr'><strong>t</strong></span> 
     </span>
     <span class='ocr_line' id='line_1_23' title="bbox 219 2253 1259 2347; baseline -0.014 -19"><span class='ocrx_word' id='word_1_180' title='bbox 219 2281 281 2330; x_wconf 88' lang='lat' dir='ltr'><strong>tem</strong></span> <span class='ocrx_word' id='word_1_181' title='bbox 293 2262 473 2347; x_wconf 88' lang='lat' dir='ltr'><strong>amplificet.</strong></span> <span class='ocrx_word' id='word_1_182' title='bbox 484 2263 596 2322; x_wconf 82' lang='lat' dir='ltr'><strong>Postea</strong></span> <span class='ocrx_word' id='word_1_183' title='bbox 604 2279 677 2318; x_wconf 87' lang='lat' dir='ltr'><strong>vera</strong></span> <span class='ocrx_word' id='word_1_184' title='bbox 686 2257 888 2317; x_wconf 83' lang='lat' dir='ltr'><strong>excontrario</strong></span> <span class='ocrx_word' id='word_1_185' title='bbox 897 2255 1027 2327; x_wconf 84' lang='lat' dir='ltr'><strong>affectu,</strong></span> <span class='ocrx_word' id='word_1_186' title='bbox 1038 2253 1166 2329; x_wconf 83' lang='lat' dir='ltr'><strong>lumine,</strong></span> <span class='ocrx_word' id='word_1_187' title='bbox 1177 2256 1259 2338; x_wconf 90' lang='lat' dir='ltr'><strong>quasi</strong></span> 
     </span>
     <span class='ocr_line' id='line_1_24' title="bbox 218 2343 1260 2435; baseline -0.016 -17"><span class='ocrx_word' id='word_1_188' title='bbox 218 2358 318 2429; x_wconf 73' lang='lat' dir='ltr'><strong>dicat,</strong></span> <span class='ocrx_word' id='word_1_189' title='bbox 340 2368 413 2435; x_wconf 86' lang='lat' dir='ltr'><strong>post</strong></span> <span class='ocrx_word' id='word_1_190' title='bbox 433 2366 493 2418; x_wconf 86' lang='lat' dir='ltr'><strong>tres</strong></span> <span class='ocrx_word' id='word_1_191' title='bbox 515 2350 598 2408; x_wconf 91' lang='lat' dir='ltr'><strong>diras</strong></span> <span class='ocrx_word' id='word_1_192' title='bbox 617 2359 738 2422; x_wconf 87' lang='lat' dir='ltr'><strong>noctes,</strong></span> <span class='ocrx_word' id='word_1_193' title='bbox 759 2346 825 2405; x_wconf 91' lang='lat' dir='ltr'><strong>dies</strong></span> <span class='ocrx_word' id='word_1_194' title='bbox 842 2343 922 2403; x_wconf 92' lang='lat' dir='ltr'><strong>mihi</strong></span> <span class='ocrx_word' id='word_1_195' title='bbox 941 2356 1070 2425; x_wconf 85' lang='lat' dir='ltr'><strong>quartus</strong></span> <span class='ocrx_word' id='word_1_196' title='bbox 1089 2343 1260 2404; x_wconf 66' lang='lat' dir='ltr'><strong>latissimus</strong></span> 
     </span>
     <span class='ocr_line' id='line_1_25' title="bbox 218 2431 1309 2524; baseline -0.016 -18"><span class='ocrx_word' id='word_1_197' title='bbox 218 2440 572 2524; x_wconf 82' lang='lat' dir='ltr'><strong>illuxit,potiuslux:iu</strong></span> <span class='ocrx_word' id='word_1_198' title='bbox 581 2431 1136 2518; x_wconf 68' lang='lat' dir='ltr'><strong>illisprensantemqaecommonibus,</strong></span> <span class='ocrx_word' id='word_1_199' title='bbox 1146 2432 1261 2493; x_wconf 90' lang='lat' dir='ltr'><strong>attende</strong></span> <span class='ocrx_word' id='word_1_200' title='bbox 1308 2445 1309 2474; x_wconf 50' lang='grc' dir='ltr'>ἐ</span> 
     </span>
     <span class='ocr_line' id='line_1_26' title="bbox 222 2521 1261 2612; baseline -0.015 -18"><span class='ocrx_word' id='word_1_201' title='bbox 222 2533 360 2594; x_wconf 88' lang='lat' dir='ltr'><strong>studium</strong></span> <span class='ocrx_word' id='word_1_202' title='bbox 368 2528 542 2612; x_wconf 83' lang='lat' dir='ltr'><strong>quaereudae</strong></span> <span class='ocrx_word' id='word_1_203' title='bbox 552 2527 662 2586; x_wconf 89' lang='lat' dir='ltr'><strong>salutis</strong></span> <span class='ocrx_word' id='word_1_204' title='bbox 672 2547 728 2607; x_wconf 89' lang='lat' dir='ltr'><strong>per</strong></span> <span class='ocrx_word' id='word_1_205' title='bbox 735 2523 847 2598; x_wconf 89' lang='lat' dir='ltr'><strong>ardua,</strong></span> <span class='ocrx_word' id='word_1_206' title='bbox 857 2543 911 2604; x_wconf 89' lang='lat' dir='ltr'><strong>per</strong></span> <span class='ocrx_word' id='word_1_207' title='bbox 919 2535 1093 2602; x_wconf 85' lang='lat' dir='ltr'><strong>praerupta:</strong></span> <span class='ocrx_word' id='word_1_208' title='bbox 1104 2521 1261 2592; x_wconf 83' lang='lat' dir='ltr'><strong>adnabam,</strong></span> 
     </span>
     <span class='ocr_line' id='line_1_27' title="bbox 221 2609 1261 2699; baseline -0.015 -14"><span class='ocrx_word' id='word_1_209' title='bbox 221 2638 255 2684; x_wconf 90' lang='lat' dir='ltr'><strong>et</strong></span> <span class='ocrx_word' id='word_1_210' title='bbox 270 2621 413 2693; x_wconf 82' lang='lat' dir='ltr'><strong>tenebam,</strong></span> <span class='ocrx_word' id='word_1_211' title='bbox 433 2614 687 2699; x_wconf 46' lang='lat' dir='ltr'><strong>devimperfecto,</strong></span> <span class='ocrx_word' id='word_1_212' title='bbox 707 2615 780 2696; x_wconf 90' lang='lat' dir='ltr'><strong>quia</strong></span> <span class='ocrx_word' id='word_1_213' title='bbox 795 2633 844 2672; x_wconf 89' lang='lat' dir='ltr'><strong>res</strong></span> <span class='ocrx_word' id='word_1_214' title='bbox 858 2633 921 2670; x_wconf 89' lang='lat' dir='ltr'><strong>nan</strong></span> <span class='ocrx_word' id='word_1_215' title='bbox 937 2609 1051 2670; x_wconf 88' lang='lat' dir='ltr'><strong>habuit</strong></span> <span class='ocrx_word' id='word_1_216' title='bbox 1065 2613 1187 2671; x_wconf 85' lang='lat' dir='ltr'><strong>exitum</strong></span> <span class='ocrx_word' id='word_1_217' title='bbox 1202 2609 1261 2670; x_wconf 88' lang='lat' dir='ltr'><strong>feli-</strong></span> 
     </span>
     <span class='ocr_line' id='line_1_28' title="bbox 223 2703 1132 2791; baseline -0.017 -15"><span class='ocrx_word' id='word_1_218' title='bbox 223 2735 299 2776; x_wconf 85' lang='lat' dir='ltr'><strong>cem.</strong></span> <span class='ocrx_word' id='word_1_219' title='bbox 314 2709 422 2772; x_wconf 83' lang='lat' dir='ltr'><strong>Multis</strong></span> <span class='ocrx_word' id='word_1_220' title='bbox 436 2729 544 2791; x_wconf 89' lang='lat' dir='ltr'><strong>parco,</strong></span> <span class='ocrx_word' id='word_1_221' title='bbox 559 2727 599 2766; x_wconf 90' lang='lat' dir='ltr'><strong>ne</strong></span> <span class='ocrx_word' id='word_1_222' title='bbox 613 2707 683 2788; x_wconf 87' lang='lat' dir='ltr'><strong>quis</strong></span> <span class='ocrx_word' id='word_1_223' title='bbox 697 2725 747 2763; x_wconf 88' lang='lat' dir='ltr'><strong>me</strong></span> <span class='ocrx_word' id='word_1_224' title='bbox 759 2715 849 2784; x_wconf 91' lang='lat' dir='ltr'><strong>putet</strong></span> <span class='ocrx_word' id='word_1_225' title='bbox 861 2703 1132 2782; x_wconf 87' lang='lat' dir='ltr'><strong>superstitiosum.</strong></span> 
     </span>
    </p>

    <p class='ocr_par' dir='ltr' id='par_1_5' title="bbox 223 2787 1309 3058">
     <span class='ocr_line' id='line_1_29' title="bbox 265 2787 1309 2874; baseline -0.014 -13"><span class='ocrx_word' id='word_1_226' title='bbox 265 2801 332 2862; x_wconf 83' lang='lat'><strong>363.</strong></span> <span class='ocrx_word' id='word_1_227' title='bbox 352 2801 426 2858; x_wconf 91' lang='lat' dir='ltr'><strong>Post</strong></span> <span class='ocrx_word' id='word_1_228' title='bbox 445 2798 657 2856; x_wconf 86' lang='lat' dir='ltr'><strong>narrationem</strong></span> <span class='ocrx_word' id='word_1_229' title='bbox 676 2791 856 2866; x_wconf 80' lang='lat' dir='ltr'><strong>infortunii,</strong></span> <span class='ocrx_word' id='word_1_230' title='bbox 875 2803 946 2872; x_wconf 87' lang='lat' dir='ltr'><strong>post</strong></span> <span class='ocrx_word' id='word_1_231' title='bbox 961 2789 1093 2870; x_wconf 86' lang='lat' dir='ltr'><strong>jactatas</strong></span> <span class='ocrx_word' id='word_1_232' title='bbox 1113 2787 1262 2872; x_wconf 86' lang='lat' dir='ltr'><strong>querelas,</strong></span> <span class='ocrx_word' id='word_1_233' title='bbox 1308 2815 1309 2874; x_wconf 56' lang='lat' dir='ltr'><strong>q</strong></span> 
     </span>
     <span class='ocr_line' id='line_1_30' title="bbox 223 2877 1309 2970; baseline -0.017 -19"><span class='ocrx_word' id='word_1_234' title='bbox 223 2890 368 2970; x_wconf 88' lang='lat' dir='ltr'><strong>sequitur</strong></span> <span class='ocrx_word' id='word_1_235' title='bbox 379 2885 555 2966; x_wconf 87' lang='lat' dir='ltr'><strong>deprecatio</strong></span> <span class='ocrx_word' id='word_1_236' title='bbox 566 2904 623 2965; x_wconf 88' lang='lat' dir='ltr'><strong>per</strong></span> <span class='ocrx_word' id='word_1_237' title='bbox 632 2902 679 2942; x_wconf 91' lang='lat' dir='ltr'><strong>res</strong></span> <span class='ocrx_word' id='word_1_238' title='bbox 690 2880 900 2953; x_wconf 86' lang='lat' dir='ltr'><strong>charissimas,</strong></span> <span class='ocrx_word' id='word_1_239' title='bbox 913 2877 1059 2937; x_wconf 88' lang='lat' dir='ltr'><strong>videlicet</strong></span> <span class='ocrx_word' id='word_1_240' title='bbox 1069 2878 1137 2936; x_wconf 77' lang='lat' dir='ltr'><strong>caeli</strong></span> <span class='ocrx_word' id='word_1_241' title='bbox 1149 2877 1263 2950; x_wconf 89' lang='lat' dir='ltr'><strong>lumen,</strong></span> <span class='ocrx_word' id='word_1_242' title='bbox 1308 2877 1309 2894; x_wconf 65' lang='lat'>¹</span> 
     </span>
     <span class='ocr_line' id='line_1_31' title="bbox 224 2968 1265 3058; baseline -0.013 -18"><span class='ocrx_word' id='word_1_243' title='bbox 224 3001 329 3053; x_wconf 85' lang='lat' dir='ltr'><strong>auras,</strong></span> <span class='ocrx_word' id='word_1_244' title='bbox 343 2977 529 3058; x_wconf 78' lang='lat' dir='ltr'><strong>genitorem,</strong></span> <span class='ocrx_word' id='word_1_245' title='bbox 544 2993 631 3054; x_wconf 91' lang='lat' dir='ltr'><strong>spem</strong></span> <span class='ocrx_word' id='word_1_246' title='bbox 642 2974 721 3046; x_wconf 91' lang='lat' dir='ltr'><strong>uati,</strong></span> <span class='ocrx_word' id='word_1_247' title='bbox 737 2969 791 3029; x_wconf 92' lang='lat' dir='ltr'><strong>ubi</strong></span> <span class='ocrx_word' id='word_1_248' title='bbox 805 2971 883 3027; x_wconf 89' lang='lat' dir='ltr'><strong>mira</strong></span> <span class='ocrx_word' id='word_1_249' title='bbox 895 2968 1014 3044; x_wconf 77' lang='grc' dir='ltr'>αὔξησις,</span> <span class='ocrx_word' id='word_1_250' title='bbox 1029 2983 1189 3027; x_wconf 87' lang='lat' dir='ltr'><strong>crescente</strong></span> <span class='ocrx_word' id='word_1_251' title='bbox 1198 2987 1265 3027; x_wconf 88' lang='lat' dir='ltr'><strong>sem·</strong></span> 
     </span>
    </p>

    <p class='ocr_par' dir='ltr' id='par_1_6' title="bbox 187 3056 1309 3414">
     <span class='ocr_line' id='line_1_32' title="bbox 187 3056 1309 3154; baseline -0.018 -24"><span class='ocrx_word' id='word_1_252' title='bbox 187 3139 192 3150; x_wconf 44' lang='grc'><strong>,</strong></span> <span class='ocrx_word' id='word_1_253' title='bbox 227 3069 446 3154; x_wconf 84' lang='lat' dir='ltr'><strong>peroratione.</strong></span> <span class='ocrx_word' id='word_1_254' title='bbox 466 3063 549 3138; x_wconf 85' lang='lat' dir='ltr'><strong>Quid</strong></span> <span class='ocrx_word' id='word_1_255' title='bbox 566 3083 639 3121; x_wconf 88' lang='lat' dir='ltr'><strong>vero</strong></span> <span class='ocrx_word' id='word_1_256' title='bbox 655 3059 817 3142; x_wconf 79' lang='lat' dir='ltr'><strong>precatur?</strong></span> <span class='ocrx_word' id='word_1_257' title='bbox 831 3058 908 3133; x_wconf 80' lang='lat' dir='ltr'><strong>du03</strong></span> <span class='ocrx_word' id='word_1_258' title='bbox 926 3071 956 3116; x_wconf 91' lang='lat' dir='ltr'><strong>et</strong></span> <span class='ocrx_word' id='word_1_259' title='bbox 971 3056 1263 3130; x_wconf 81' lang='lat' dir='ltr'><strong>subdistinctione:</strong></span> <span class='ocrx_word' id='word_1_260' title='bbox 1308 3131 1309 3134; x_wconf 7' lang='grc' dir='ltr'><strong>Ἴ</strong></span> 
     </span>
     <span class='ocr_line' id='line_1_33' title="bbox 224 3145 1309 3238; baseline -0.015 -20"><span class='ocrx_word' id='word_1_261' title='bbox 224 3159 295 3218; x_wconf 82' lang='lat' dir='ltr'><strong>vult</strong></span> <span class='ocrx_word' id='word_1_262' title='bbox 311 3157 414 3238; x_wconf 90' lang='lat' dir='ltr'><strong>primo</strong></span> <span class='ocrx_word' id='word_1_263' title='bbox 434 3153 511 3232; x_wconf 91' lang='lat' dir='ltr'><strong>eripi</strong></span> <span class='ocrx_word' id='word_1_264' title='bbox 532 3151 639 3223; x_wconf 88' lang='lat' dir='ltr'><strong>malis,</strong></span> <span class='ocrx_word' id='word_1_265' title='bbox 663 3151 695 3208; x_wconf 90' lang='lat' dir='ltr'><strong>iu</strong></span> <span class='ocrx_word' id='word_1_266' title='bbox 713 3149 825 3230; x_wconf 88' lang='lat' dir='ltr'><strong>quibus</strong></span> <span class='ocrx_word' id='word_1_267' title='bbox 843 3161 904 3220; x_wconf 90' lang='lat' dir='ltr'><strong>est,</strong></span> <span class='ocrx_word' id='word_1_268' title='bbox 924 3145 1039 3220; x_wconf 84' lang='lat' dir='ltr'><strong>idest,</strong></span> <span class='ocrx_word' id='word_1_269' title='bbox 1062 3147 1264 3204; x_wconf 87' lang='lat' dir='ltr'><strong>transmittere</strong></span> <span class='ocrx_word' id='word_1_270' title='bbox 1308 3149 1309 3214; x_wconf 55' lang='lat' dir='ltr'><strong>l</strong></span> 
     </span>
     <span class='ocr_line' id='line_1_34' title="bbox 229 3231 1266 3326; baseline -0.015 -20"><span class='ocrx_word' id='word_1_271' title='bbox 229 3247 365 3326; x_wconf 77' lang='lat' dir='ltr'><strong>Stygiam</strong></span> <span class='ocrx_word' id='word_1_272' title='bbox 382 3237 547 3324; x_wconf 89' lang='lat' dir='ltr'><strong>paludem,</strong></span> <span class='ocrx_word' id='word_1_273' title='bbox 569 3237 689 3295; x_wconf 90' lang='lat' dir='ltr'><strong>etiamsi</strong></span> <span class='ocrx_word' id='word_1_274' title='bbox 707 3234 810 3295; x_wconf 88' lang='lat' dir='ltr'><strong>adhuc</strong></span> <span class='ocrx_word' id='word_1_275' title='bbox 828 3231 1004 3314; x_wconf 88' lang='lat' dir='ltr'><strong>insepultus</strong></span> <span class='ocrx_word' id='word_1_276' title='bbox 1021 3233 1078 3290; x_wconf 89' lang='lat' dir='ltr'><strong>sit:</strong></span> <span class='ocrx_word' id='word_1_277' title='bbox 1099 3234 1162 3307; x_wconf 88' lang='lat' dir='ltr'><strong>ait,</strong></span> <span class='ocrx_word' id='word_1_278' title='bbox 1180 3234 1204 3290; x_wconf 90' lang='lat' dir='ltr'><strong>si</strong></span> <span class='ocrx_word' id='word_1_279' title='bbox 1222 3252 1266 3290; x_wconf 88' lang='lat' dir='ltr'><strong>ne·</strong></span> 
     </span>
     <span class='ocr_line' id='line_1_35' title="bbox 229 3321 1266 3414; baseline -0.015 -21"><span class='ocrx_word' id='word_1_280' title='bbox 229 3345 323 3414; x_wconf 83' lang='lat' dir='ltr'><strong>queat</strong></span> <span class='ocrx_word' id='word_1_281' title='bbox 334 3329 367 3388; x_wconf 91' lang='lat' dir='ltr'><strong>id</strong></span> <span class='ocrx_word' id='word_1_282' title='bbox 379 3329 460 3405; x_wconf 77' lang='lat' dir='ltr'><strong>fieri,</strong></span> <span class='ocrx_word' id='word_1_283' title='bbox 476 3325 584 3386; x_wconf 87' lang='lat' dir='ltr'><strong>saltem</strong></span> <span class='ocrx_word' id='word_1_284' title='bbox 593 3345 696 3405; x_wconf 75' lang='lat' dir='ltr'><strong>¹gtertus</strong></span> <span class='ocrx_word' id='word_1_285' title='bbox 709 3324 874 3406; x_wconf 74' lang='lat' dir='ltr'><strong>sepulturae</strong></span> <span class='ocrx_word' id='word_1_286' title='bbox 889 3321 1106 3382; x_wconf 87' lang='lat' dir='ltr'><strong>tenuissimum</strong></span> <span class='ocrx_word' id='word_1_287' title='bbox 1120 3333 1216 3400; x_wconf 85' lang='lat' dir='ltr'><strong>atque</strong></span> <span class='ocrx_word' id='word_1_288' title='bbox 1228 3322 1266 3378; x_wconf 90' lang='lat' dir='ltr'><strong>in·</strong></span> 
     </span>
    </p>
   </div>
   <div class='ocr_carea' id='block_1_3' title="bbox 231 3492 1309 4042">
    <p class='ocr_par' dir='ltr' id='par_1_7' title="bbox 231 3492 1309 4042">
     <span class='ocr_line' id='line_1_36' title="bbox 267 3492 1267 3572; baseline -0.01 -20"><span class='ocrx_word' id='word_1_289' title='bbox 267 3499 731 3572; x_wconf 77' lang='lat' dir='ltr'><strong>360.Prensantemqueunaismani-</strong></span> <span class='ocrx_word' id='word_1_290' title='bbox 776 3492 1267 3568; x_wconf 74' lang='lat' dir='ltr'><strong>quaeexmontisradioibus,volutina-</strong></span> 
     </span>
     <span class='ocr_line' id='line_1_37' title="bbox 233 3574 1202 3652; baseline -0.012 -20"><span class='ocrx_word' id='word_1_291' title='bbox 233 3582 284 3632; x_wconf 83' lang='lat' dir='ltr'><strong>bas.</strong></span> <span class='ocrx_word' id='word_1_292' title='bbox 293 3579 373 3644; x_wconf 87' lang='lat' dir='ltr'><strong>Quod</strong></span> <span class='ocrx_word' id='word_1_293' title='bbox 381 3593 420 3630; x_wconf 89' lang='lat' dir='ltr'><strong>est</strong></span> <span class='ocrx_word' id='word_1_294' title='bbox 427 3581 676 3652; x_wconf 81' lang='lat' dir='ltr'><strong>naufragorum.Sie</strong></span> <span class='ocrx_word' id='word_1_295' title='bbox 684 3577 729 3632; x_wconf 81' lang='lat' dir='ltr'><strong>Sil.</strong></span> <span class='ocrx_word' id='word_1_296' title='bbox 774 3580 846 3648; x_wconf 89' lang='lat' dir='ltr'><strong>pita,</strong></span> <span class='ocrx_word' id='word_1_297' title='bbox 859 3578 887 3627; x_wconf 91' lang='lat' dir='ltr'><strong>in</strong></span> <span class='ocrx_word' id='word_1_298' title='bbox 896 3577 963 3628; x_wconf 89' lang='lat' dir='ltr'><strong>mari</strong></span> <span class='ocrx_word' id='word_1_299' title='bbox 972 3587 1071 3628; x_wconf 84' lang='lat' dir='ltr'><strong>extant.</strong></span> <span class='ocrx_word' id='word_1_300' title='bbox 1082 3574 1202 3623; x_wconf 61' lang='lat' dir='ltr'><strong>Donat..</strong></span> 
     </span>
     <span class='ocr_line' id='line_1_38' title="bbox 232 3650 1309 3726; baseline -0.01 -15"><span class='ocrx_word' id='word_1_301' title='bbox 232 3657 399 3711; x_wconf 87' lang='lat' dir='ltr'><strong>Ital.lib.1V:</strong></span> <span class='ocrx_word' id='word_1_302' title='bbox 411 3659 477 3710; x_wconf 79' lang='lat' dir='ltr'><strong>ullle</strong></span> <span class='ocrx_word' id='word_1_303' title='bbox 486 3658 730 3726; x_wconf 78' lang='lat' dir='ltr'><strong>oelernandi,jam·</strong></span> <span class='ocrx_word' id='word_1_304' title='bbox 811 3655 871 3708; x_wconf 81' lang='lat'><strong>363.</strong></span> <span class='ocrx_word' id='word_1_305' title='bbox 889 3653 1105 3726; x_wconf 82' lang='lat' dir='ltr'><strong>Calijacundnm</strong></span> <span class='ocrx_word' id='word_1_306' title='bbox 1119 3650 1218 3703; x_wconf 84' lang='lat' dir='ltr'><strong>lumen.</strong></span> <span class='ocrx_word' id='word_1_307' title='bbox 1227 3652 1266 3702; x_wconf 91' lang='lat' dir='ltr'><strong>Be·</strong></span> <span class='ocrx_word' id='word_1_308' title='bbox 1308 3655 1309 3678; x_wconf 77' lang='lat'>³</span> 
     </span>
     <span class='ocr_line' id='line_1_39' title="bbox 231 3729 1309 3807; baseline -0.009 -18"><span class='ocrx_word' id='word_1_309' title='bbox 231 3740 339 3807; x_wconf 86' lang='lat' dir='ltr'><strong>jamque</strong></span> <span class='ocrx_word' id='word_1_310' title='bbox 353 3736 517 3806; x_wconf 87' lang='lat' dir='ltr'><strong>apprendere</strong></span> <span class='ocrx_word' id='word_1_311' title='bbox 531 3751 586 3788; x_wconf 89' lang='lat' dir='ltr'><strong>tuta</strong></span> <span class='ocrx_word' id='word_1_312' title='bbox 599 3740 666 3788; x_wconf 91' lang='lat' dir='ltr'><strong>Dum</strong></span> <span class='ocrx_word' id='word_1_313' title='bbox 685 3755 732 3807; x_wconf 88' lang='lat' dir='ltr'><strong>pa·</strong></span> <span class='ocrx_word' id='word_1_314' title='bbox 776 3731 1102 3807; x_wconf 75' lang='lat' dir='ltr'><strong>nejucaadumaddidi13</strong></span> <span class='ocrx_word' id='word_1_315' title='bbox 1121 3733 1187 3801; x_wconf 90' lang='lat' dir='ltr'><strong>quia</strong></span> <span class='ocrx_word' id='word_1_316' title='bbox 1206 3729 1266 3802; x_wconf 91' lang='lat' dir='ltr'><strong>apud</strong></span> <span class='ocrx_word' id='word_1_317' title='bbox 1308 3753 1309 3776; x_wconf 67' lang='lat' dir='ltr'><strong>i</strong></span> 
     </span>
     <span class='ocr_line' id='line_1_40' title="bbox 235 3811 1266 3886; baseline -0.005 -20"><span class='ocrx_word' id='word_1_318' title='bbox 235 3829 296 3878; x_wconf 88' lang='lat' dir='ltr'><strong>rat,</strong></span> <span class='ocrx_word' id='word_1_319' title='bbox 320 3827 346 3864; x_wconf 89' lang='lat' dir='ltr'><strong>et</strong></span> <span class='ocrx_word' id='word_1_320' title='bbox 369 3815 439 3864; x_wconf 90' lang='lat' dir='ltr'><strong>celso</strong></span> <span class='ocrx_word' id='word_1_321' title='bbox 464 3819 592 3868; x_wconf 89' lang='lat' dir='ltr'><strong>connixus</strong></span> <span class='ocrx_word' id='word_1_322' title='bbox 611 3834 731 3886; x_wconf 84' lang='lat' dir='ltr'><strong>¹corpore</strong></span> <span class='ocrx_word' id='word_1_323' title='bbox 776 3817 947 3868; x_wconf 66' lang='lat' dir='ltr'><strong>inferos&#39;non</strong></span> <span class='ocrx_word' id='word_1_324' title='bbox 965 3826 1005 3865; x_wconf 90' lang='lat' dir='ltr'><strong>est</strong></span> <span class='ocrx_word' id='word_1_325' title='bbox 1017 3811 1266 3883; x_wconf 85' lang='lat' dir='ltr'><strong>jucundum:quasi</strong></span> 
     </span>
     <span class='ocr_line' id='line_1_41' title="bbox 231 3881 1267 3966; baseline -0.004 -21"><span class='ocrx_word' id='word_1_326' title='bbox 231 3905 346 3966; x_wconf 80' lang='lat' dir='ltr'><strong>prensat</strong></span> <span class='ocrx_word' id='word_1_327' title='bbox 359 3892 599 3954; x_wconf 78' lang='lat' dir='ltr'><strong>Graminasumma</strong></span> <span class='ocrx_word' id='word_1_328' title='bbox 615 3915 703 3949; x_wconf 87' lang='lat' dir='ltr'><strong>manu.</strong></span> <span class='ocrx_word' id='word_1_329' title='bbox 718 3917 729 3942; x_wconf 78' lang='lat' dir='ltr'><strong>a</strong></span> <span class='ocrx_word' id='word_1_330' title='bbox 777 3895 858 3959; x_wconf 87' lang='lat' dir='ltr'><strong>dicat,</strong></span> <span class='ocrx_word' id='word_1_331' title='bbox 867 3913 916 3964; x_wconf 88' lang='lat' dir='ltr'><strong>per</strong></span> <span class='ocrx_word' id='word_1_332' title='bbox 925 3893 954 3944; x_wconf 89' lang='lat' dir='ltr'><strong>id</strong></span> <span class='ocrx_word' id='word_1_333' title='bbox 963 3891 998 3946; x_wconf 89' lang='lat' dir='ltr'><strong>ad</strong></span> <span class='ocrx_word' id='word_1_334' title='bbox 1006 3881 1079 3962; x_wconf 78' lang='lat' dir='ltr'><strong>quod</strong></span> <span class='ocrx_word' id='word_1_335' title='bbox 1090 3893 1170 3962; x_wconf 87' lang='lat' dir='ltr'><strong>cupis</strong></span> <span class='ocrx_word' id='word_1_336' title='bbox 1179 3909 1267 3944; x_wconf 88' lang='lat' dir='ltr'><strong>remea·</strong></span> 
     </span>
     <span class='ocr_line' id='line_1_42' title="bbox 236 3970 923 4042; baseline 0.001 -19"><span class='ocrx_word' id='word_1_337' title='bbox 236 3970 372 4042; x_wconf 80' lang='lat' dir='ltr'><strong>-Capita</strong></span> <span class='ocrx_word' id='word_1_338' title='bbox 381 3988 476 4040; x_wconf 83' lang='lat' dir='ltr'><strong>aspera.</strong></span> <span class='ocrx_word' id='word_1_339' title='bbox 487 3974 590 4042; x_wconf 88' lang='lat' dir='ltr'><strong>Aspera</strong></span> <span class='ocrx_word' id='word_1_340' title='bbox 599 3991 731 4041; x_wconf 83' lang='lat' dir='ltr'><strong>saxorum,</strong></span> <span class='ocrx_word' id='word_1_341' title='bbox 777 3995 814 4028; x_wconf 90' lang='lat' dir='ltr'><strong>re.</strong></span> <span class='ocrx_word' id='word_1_342' title='bbox 828 3976 923 4026; x_wconf 83' lang='lat' dir='ltr'><strong>Donat.</strong></span> 
     </span>
    </p>
   </div>
   <div class='ocr_carea' id='block_1_4' title="bbox 0 0 1350 4606">
    <p class='ocr_par' dir='ltr' id='par_1_8' title="bbox 0 0 1350 4606">
     <span class='ocr_line' id='line_1_43' title="bbox 0 0 1350 4606; baseline 0 0"><span class='ocrx_word' id='word_1_343' title='bbox 0 0 1350 4606; x_wconf 95' lang='lat' dir='ltr'><strong> </strong></span> 
     </span>
    </p>
   </div>
  </div>
 </body>
</html>
