2670 4596
250 283 288 324 12
574 259 952 326 COMMENTARIA

243 382 361 442 circum
376 385 480 448 omnia
492 386 608 443 maria:
628 384 753 444 demum
767 405 783 442 a
797 397 936 472 tempore
950 403 1013 464 quo
1025 391 1123 466 passi=3
1143 409 1219 448 nam
1232 413 1280 450 ca-

244 467 400 530 lamitates
415 473 482 531 istae
496 472 685 532 duraverunt
699 493 754 552 per
766 491 864 530 annos
878 472 1002 531 multos.
1021 474 1136 534 Maluit
1147 477 1191 535 ita
1204 477 1280 538 dice·

244 576 291 630 re,
311 578 405 639 quam
419 561 538 638 signare
553 581 707 619 annorum
720 580 902 633 numerum,
920 558 958 618 ad
974 562 1203 622 incrementum
1217 585 1280 623 ora·
1319 555 1320 584 ³

245 643 352 703 tionis.
372 647 464 706 Notet
479 645 576 707 lector
588 649 778 728 superiorem
794 649 968 706 orationem
982 648 1119 728 pendere
1132 653 1280 732 usquead

245 730 376 791 verbum
386 734 516 809 anelat,
526 751 555 796 et
565 737 606 795 sic
616 733 801 816 conjungat:
815 737 832 794 J
836 755 899 794 uno
910 735 940 794 id
952 751 1107 812 metuens,
1118 753 1149 798 et
1157 760 1280 799 accensa

246 837 443 903 acceptarum
466 822 650 905 injuriarum
674 824 800 899 dolore,
824 826 947 884 arcebat
968 825 1119 906 Trojanos
1144 827 1240 909 longe
1265 851 1280 887 a

246 909 345 972 Latio.

285 1000 332 1059 33.
346 1002 417 1061 Post
428 1015 475 1062 tot
486 1003 558 1063 odia
569 1005 717 1078 Junonis,
730 1017 803 1085 post
816 1015 863 1064 tot
876 1023 992 1063 errores
1005 1003 1228 1086 Trojanorum,
1241 1029 1282 1066 se·
1319 1043 1320 1056 2

245 1086 351 1164 quitur
363 1109 490 1149 aureum
503 1091 711 1172 epiphonema
725 1090 764 1150 ad
776 1081 923 1152 Romanae
935 1089 1036 1171 gentis
1050 1093 1194 1173 gloriam.
1208 1095 1282 1170 Quae

243 1169 350 1231 futura
363 1189 435 1235 sunt
447 1197 575 1257 magna,
588 1199 710 1238 necesse
722 1192 766 1238 est
779 1193 814 1238 ut
825 1199 881 1259 per
892 1197 1020 1258 magnas
1032 1177 1234 1240 difficultates
1246 1183 1282 1240 ad

243 1258 468 1322 incrementum
482 1267 672 1344 perveniant.
693 1269 849 1344 Quantam
863 1280 954 1347 putas
966 1266 1195 1341 Romamfore,
1215 1281 1282 1328 ante
1320 1275 1321 1340 l

244 1344 333 1427 cujus
346 1363 449 1410 ortum
464 1353 623 1413 subeunda
638 1353 699 1412 fuit
713 1355 829 1412 irarum
842 1351 1002 1426 machina,
1017 1353 1179 1412 toleranda
1194 1353 1283 1414 labo·
1320 1381 1321 1386 ¹

245 1455 316 1494 rum
330 1441 437 1516 series,
457 1442 589 1502 caedium
603 1442 753 1524 tragoedia
769 1441 913 1524 quaedam
926 1440 1121 1522 peragenda?
1138 1445 1284 1502 Armatur

245 1527 361 1607 quippe
382 1531 481 1602 Juno,
502 1545 718 1606 nenascatur;
738 1543 894 1590 ettamen
920 1533 1059 1590 nascitur
1079 1533 1180 1590 invita
1203 1535 1266 1592 Dea
1276 1555 1285 1588 :¹

246 1625 363 1691 quanta
377 1636 450 1696 ergo
464 1618 518 1678 illa
533 1619 637 1679 futura
650 1621 706 1678 est!
726 1640 799 1700 ergo
818 1632 905 1679 tantoe
919 1631 981 1679 erat
993 1616 1078 1677 molis
1088 1618 1211 1678 condem
1227 1624 1286 1680 llo·

246 1717 366 1759 manum
379 1718 505 1783 pentem,
519 1708 591 1786 quia
604 1707 657 1765 illa
670 1707 776 1766 futura
792 1719 857 1765 erat
871 1726 994 1786 magna.

286 1783 333 1859 34.
344 1788 415 1848 Post
424 1795 687 1874 propositionem,
697 1795 925 1854 invocationem
936 1837 944 1866 ,
955 1793 1143 1851 narrationis
1154 1792 1285 1868 aditum,

242 1868 309 1949 jam
326 1896 396 1937 vere
413 1895 459 1939 est
475 1883 507 1940 in
523 1884 590 1964 ipsa
606 1885 793 1942 narratione.
819 1883 855 1940 ln
873 1881 960 1940 aditu
976 1883 1167 1940 narrationis
1181 1903 1286 1942 causas

246 1969 401 2027 recensuit
421 1971 537 2030 irarum
556 1975 705 2049 Junonis,
731 1992 809 2054 quas
828 1985 863 2031 ut
881 1973 968 2031 Musa
987 1969 1131 2044 relerret,
1152 1973 1186 2030 in
1202 1974 1287 2030 invo-

246 2053 369 2113 catione
385 2060 550 2137 petiverat;
569 2063 684 2142 quibus
699 2059 848 2120 absolutis
863 2057 925 2139 jam
938 2072 1053 2118 narrat.
1073 2059 1172 2117 Ducit
1183 2079 1287 2118 narra-

245 2139 339 2201 tionis
349 2145 472 2207 initium
484 2171 502 2208 a
512 2152 644 2231 septimo
655 2171 748 2223 anno,
759 2161 936 2231 postquam,
946 2147 1049 2206 diruta
1059 2147 1166 2225 Troja,
1176 2150 1285 2207 AEneas

245 2230 427 2309 navigabat,
440 2256 502 2314 quo
515 2235 630 2298 scilicet
642 2252 781 2318 tempore
794 2258 810 2295 e
825 2235 927 2296 Sicilia
941 2236 975 2294 in
989 2233 1115 2294 ltaliam
1128 2237 1288 2294 transmit-

246 2315 339 2377 tebat.
358 2322 428 2379 Jam
444 2324 482 2382 ad
498 2345 580 2384 rern:
603 2329 652 2386 vix
664 2325 728 2385 vela
743 2325 853 2385 dabant
864 2322 1005 2405 Trojani,
1026 2336 1056 2383 et
1070 2323 1200 2405 quidem
1217 2323 1286 2395 turi,
1321 2322 1322 2374 Ὗ

247 2407 347 2484 utqui
357 2407 424 2485 jam
437 2409 534 2471 ferme
549 2415 581 2470 in
594 2414 737 2472 manibus
752 2411 911 2472 habebant
925 2413 1065 2485 ltaliam3
1085 2427 1116 2470 et
1126 2414 1192 2486 vix,
1214 2414 1289 2492 qnia

248 2502 336 2551 erant
355 2515 442 2575 paene
464 2500 496 2557 in
515 2501 582 2580 ipso
602 2514 710 2582 portu3
733 2523 806 2560 narn
827 2503 861 2560 in
879 2513 1043 2581 conspectu
1067 2500 1199 2560 Siciliae:
1221 2513 1290 2558 tuta

247 2585 467 2659 montemnis,
481 2599 511 2646 et
524 2586 706 2668 tranquilla;
719 2609 820 2669 neque
830 2589 930 2662 enim,
942 2588 1001 2644 nisi
1011 2585 1184 2664 tranquillo
1194 2589 1291 2660 mari,

245 2664 292 2725 illi
312 2669 491 2733 solvissent:
512 2697 609 2757 quum
629 2677 731 2738 subito
750 2681 767 2737 J
772 2699 833 2736 uno
852 2676 921 2735 illos
940 2673 1095 2755 speculata
1111 2672 1202 2732 adest
1218 2695 1291 2733 cum

246 2757 357 2818 minis:
379 2765 484 2823 omnia
496 2767 677 2841 conturbat,
696 2779 731 2826 ut
744 2787 814 2848 quae
829 2762 1016 2845 injuriarum
1030 2763 1291 2836 retinentissima,

246 2845 388 2906 servabat
400 2849 482 2908 enim
494 2865 633 2913 oetemum
646 2852 765 2927 vulnus,
788 2865 818 2912 et
831 2851 892 2911 boc
907 2849 959 2910 sub
971 2863 1193 2933 pectorenam
1210 2849 1291 2908 illud

248 2927 395 2994 altissime
417 2953 640 3018 penetraverat.
659 2929 735 3004 'Non
759 2955 931 3025 potuerunt
950 2938 1045 2998 latere
1073 2938 1155 2996 irae:
1183 2940 1292 3019 itaque

284 3080 326 3134 30.
334 3084 483 3159 Belliquias.
492 3089 527 3140 Ut
534 3103 742 3166 stet·versus,ge-
787 3095 826 3146 nis
840 3093 952 3166 inique,
965 3091 993 3143 id
1006 3102 1063 3156 est,
1080 3087 1222 3141 voluntate
1237 3111 1243 3140 ι
1264 3101 1293 3139 ut

245 3161 356 3214 minavit
371 3163 396 3215 l:
414 3170 515 3220 namin
529 3187 611 3240 prosa
623 3171 743 3244 reliquias
786 3173 830 3226 hic
847 3173 1039 3245 intelligamus,
1057 3169 1211 3241 agebantur
1228 3171 1293 3222 fatis

245 3239 664 3302 dieimns‚S.-Tameninnostro
670 3264 743 3304 textu
787 3254 916 3318 lunonis,
929 3252 956 3304 id
966 3263 1019 3316 est,
1029 3249 1178 3301 voluntate.
1192 3251 1268 3303 Sero.

245 3327 742 3394 nongeminavimus,vett.C.C.secnti.
823 3327 1296 3385 33.Molis.Difficultatis.-Tantoe

281 3402 323 3452 32.
336 3403 395 3456 Acti
401 3406 475 3476 fatis.
488 3407 515 3458 st
526 3408 603 3473 fatis,
613 3409 687 3460 nulla
695 3410 743 3460 Ju-
787 3410 869 3464 molis.
881 3410 942 3461 Non
953 3409 1019 3460 flunt
1031 3409 1088 3459 sine
1098 3425 1199 3480 magno
1216 3409 1297 3460 labo-

247 3480 324 3532 nonis
335 3481 434 3536 invidia
444 3498 496 3552 est,
509 3489 531 3539 si
541 3488 603 3540 odio
613 3489 741 3550 lunonis,
786 3509 815 3542 re
822 3509 926 3562 magna.
936 3487 1073 3542 Laudatur
1081 3499 1173 3542 autem
1183 3489 1297 3552 AEneas,

249 3561 384 3628 quomodo
395 3567 445 3616 acti
447 3563 528 3636 fatis?
536 3568 647 3620 Sedhoc
655 3571 742 3640 ipsum
787 3572 833 3641 qui
849 3569 922 3622 nullo
938 3570 1044 3632 labore,
1061 3567 1137 3618 nulla
1157 3567 1300 3621 diuturni-

247 3637 359 3690 Junonis
373 3639 462 3692 odium
473 3632 554 3700 iatale
567 3659 606 3699 est
617 3669 624 3710 3
637 3648 742 3699 laborat
786 3661 840 3701 tate
850 3650 946 3701 erroris
955 3685 963 3712 ,
973 3645 1119 3699 desistebat
1127 3645 1299 3719 ab'incepto.

249 3718 319 3767 enim
341 3719 485 3789 Virgilius,
505 3724 542 3775 nil
565 3727 742 3794 Trojanorunt
787 3727 882 3779 Donat.
897 3756 933 3768 -
947 3728 1091 3778 Romanam
1106 3725 1222 3777 εοηάπε
1234 3745 1303 3798 qen-

248 3797 361 3861 msritis,
371 3798 418 3850 sed
430 3803 519 3854 omnia
530 3805 592 3857 fatis
602 3807 742 3858 ascribere.
789 3817 847 3856 tem.
861 3807 984 3857 Latenter
995 3801 1112 3854 ostendit
1121 3801 1189 3854 bine
1201 3804 1304 3856 odium

248 3872 294 3922 Est
304 3886 329 3926 st
337 3875 402 3928 alter
413 3897 504 3931 sensus
516 3902 522 3930 :
532 3885 688 3956 namfatum
698 3903 744 3935 vo·
789 3886 900 3936 lunonis
914 3885 1023 3936 AEneam
1036 3880 1202 3953 pertulisse,
1222 3883 1305 3954 quod

248 3951 375 4008 luntatem
392 3955 520 4030 legimus:
533 3973 577 4031 ut,
587 3962 653 4035 fatis
665 3965 747 4016 June·
790 3965 914 4020 Romanas
921 3963 1006 4036 gentis
1015 3973 1110 4028 auctor
1119 3962 1272 4016 existebat.
1280 3964 1308 4016 S.
