2670 4596
158 259 161 266 “
216 275 270 363 xiij
485 271 550 334 na
573 269 806 332 naaman
830 269 984 336 arrco

213 398 456 476 immortalem
477 397 630 496 gloriam
652 397 937 485 contenderunt,
961 402 1068 496 pauci
1089 405 1153 498 qui
1177 427 1255 500 per·

212 542 358 604 venere,
380 514 425 586 ab
440 541 480 586 ea
493 538 605 611 quam
619 511 877 619 ⁴descripsimus
897 511 1014 588 orbita
1032 519 1089 586 vix
1108 541 1254 604 secesse-

211 649 302 707 rant.
318 636 393 728 Qui
405 631 609 706 multorum
620 622 770 704 *ruinam
781 633 909 716 vitare,
925 657 1130 729 paucorum
1143 638 1255 704 victo-

210 751 301 818 riam
315 747 464 845 adipisci
480 745 651 832 voluerit,
670 749 717 832 is,
732 748 761 814 si
772 742 896 814 eadem
910 749 1074 841 presserit
1082 752 1253 846 uestigia,

211 880 315 938 caute
329 864 599 961 prudenterque
612 861 754 938 iecerit..
768 863 993 936 Temeritatis
1011 867 1120 934 etiam
1140 862 1254 935 felicis

211 979 363 1056 dubiam
380 979 525 1056 laudern
541 977 705 1054 salutaris
718 977 861 1050 consilii
880 976 1060 1050 fructibus
1080 1005 1175 1052 num
1195 1007 1256 1050 an·

214 1093 382 1191 reponat?
399 1121 490 1167 num
500 1093 591 1169 alios
606 1109 743 1167 recuset
758 1097 909 1182 imitari,
923 1094 1017 1166 dum
1028 1099 1162 1168 caeteris
1173 1097 1258 1166 imi-

212 1208 343 1284 tandus
358 1209 693 1309 ipseproponatur?
709 1210 878 1282 Amantes
889 1212 1024 1309 pudeat
1033 1212 1256 1310 sapientibus
1293 1241 1295 1246 ·

214 1349 286 1396 esse
300 1324 444 1397 similes.

260 1439 333 1510 Nec
354 1443 485 1537 ignoro
504 1439 752 1538 quorumdam
772 1441 936 1514 indolem
955 1443 1116 1514 multum
1137 1467 1259 1514 acon·

212 1550 321 1618 suetis
353 1552 417 1618 viis
444 1546 725 1636 abhorrentem,
755 1575 879 1646 aspera
904 1567 938 1622 et
964 1552 1079 1623 ardua
1103 1551 1260 1624 libenter

212 1663 332 1756 sequi,
355 1666 442 1735 nesi
458 1663 610 1760 quando
625 1662 772 1736 culmen
788 1669 987 1764 tetigerint,
1011 1659 1169 1764 alicujus
1190 1663 1258 1735 ad-

211 1774 284 1874 juti
299 1784 471 1878 vestigiis,
494 1779 600 1852 illum
622 1779 740 1853 laudis
759 1808 833 1853 suae
855 1787 1067 1880 participem
1087 1781 1257 1860 habeant.

215 1895 386 1986 Quorum
402 1921 468 1994 ego
484 1912 636 1970 conatus
650 1897 741 1968 adeo
757 1925 833 1969 non
850 1899 1029 1997 despicio,
1049 1917 1090 1970 ut
1106 1904 1261 1998 minime

214 2011 425 2112 vulgaribus
439 2018 591 2112 ingeniis
606 2013 718 2086 fatear
728 2033 855 2114 aptum
867 2017 939 2088 hoc
949 2023 1181 2106 essevitium3
1198 2017 1259 2088 sed

214 2131 346 2200 vitium
355 2147 486 2200 tamen.
496 2130 677 2227 Singulari
686 2136 823 2230 quippe
830 2133 998 2231 superbia
1006 2137 1137 2204 mentis
1145 2133 1260 2203 obcae·

215 2245 302 2328 cati,
320 2242 432 2316 dubia
447 2269 513 2340 pro
523 2247 625 2318 certis
636 2261 670 2315 et
680 2267 747 2343 pro
758 2245 882 2316 solidis
892 2272 986 2318 vana
996 2262 1179 2344 quaerunt.
1196 2245 1260 2342 lgi-

215 2371 276 2432 tu'r
290 2384 330 2428 ex
347 2363 571 2459 inauspicato
582 2378 687 2460 partu
699 2367 898 2460 praestantis
912 2365 1084 2462 quidem,
1105 2362 1166 2434 sed
1182 2385 1259 2431 non

215 2473 369 2549 consilio
378 2473 580 2553 fecundatae
594 2465 839 2575 cogitationis,
850 2501 945 2550 nova
956 2477 1124 2575 quaedam
1138 2499 1260 2546 mons·

214 2600 269 2657 tra
285 2593 491 2670 carminum
503 2589 705 2687 prodeunt,
727 2605 903 2684 tanquam
918 2587 1074 2658 abortivi
1087 2585 1201 2673 fetus,
1221 2589 1259 2654 in

214 2701 347 2799 quibus
369 2703 539 2775 formosae
564 2707 687 2774 matris
711 2702 929 2773 lineamenta
950 2702 1118 2800 quaedam
1140 2723 1259 2798 quum

213 2825 386 2915 reperias,
407 2822 525 2918 majus
545 2821 630 2891 inde
645 2819 834 2895 suboritur
852 2817 1057 2906 lastidium,
1080 2817 1171 2915 quid
1188 2821 1259 2887 sint

210 2939 249 3000 'et
263 2932 387 3028 quales
402 2932 518 3004 futuri
532 2932 686 3020 fuerint,
701 2937 939 3031 comparanti.

261 3044 456 3141 Quidquid
465 3061 586 3115 autem
597 3044 842 3131 mtabnorme,
852 3041 1259 3139 eitoexstingultur.Vos

216 3179 301 3255 ergo
318 3157 452 3255 quibus
469 3157 571 3230 cordi
585 3172 673 3228 sunt
689 3161 903 3253 posteritatis
920 3154 1061 3242 laudes,
1079 3172 1113 3225 et
1128 3155 1262 3252 palmae

214 3297 355 3371 semper
366 3278 555 3346 crescentis
565 3259 686 3344 bonos
696 3328 705 3360 ,
716 3297 781 3343 vos
791 3272 924 3343 futurae
934 3276 1066 3371 pignus
1077 3275 1263 3342 immorta-

214 3382 321 3456 litatis
337 3412 378 3460 ex
391 3392 576 3485 praeteritis
592 3387 754 3459 aetatibus
768 3391 932 3485 quaerite:
952 3401 1141 3458 versentur
1156 3383 1261 3455 vobis

214 3515 296 3570 ante
312 3502 439 3577 oculos
455 3507 637 3579 Homerus
651 3502 1031 3602 Virgiliusquestipati
1047 3517 1101 3573 tot
1115 3497 1261 3571 saeculo-

214 3640 321 3701 rum,
338 3631 391 3690 tot
408 3623 571 3714 gentium
588 3622 828 3691 veneratione.
851 3619 1029 3691 Nondum
1045 3643 1087 3689 ex
1106 3615 1259 3716 illorum

213 3731 439 3826 temporibus
454 3736 659 3835 quidquam
669 3739 817 3822 mutati,
833 3737 1259 3830 etnuncseniorisquam

213 3863 256 3920 ut
265 3846 370 3923 facile
384 3870 563 3943 mutetur,
579 3860 718 3954 generis
732 3853 887 3927 humani
902 3853 1095 3953 suffragia,
1110 3843 1260 3947 utrique

212 3981 331 4062 parta,
354 3993 419 4041 vos
443 3969 590 4068 paribus
614 3971 732 4044 modis
754 3986 790 4042 et
807 3969 917 4043 simili
930 3968 1074 4042 ambitu
1088 3979 1257 4065 captate:
