2644 4614
288 283 339 348 IN
363 283 597 350 AENEIDOS
620 285 713 348 LIB.
738 285 847 349 VIII.
1021 287 1079 352 511

48 423 111 483 qua
125 403 219 480 facta,
238 407 463 480 certissimum,¹
474 418 508 466 ut
521 407 676 487 liquidum
693 429 729 466 ex
744 409 811 488 ipso
828 419 931 488 postea
944 407 1085 470 infertur.

47 496 124 552 Ilaec
137 507 181 554 est
194 517 266 576 ergo
279 517 383 572 causa,
402 518 456 556 cur
472 499 584 556 iterum
597 511 732 556 recurrat
744 497 781 556 ad
795 495 940 572 artifices,
959 500 1012 577 qui
1029 501 1087 558 toti

46 581 276 644 festinabundi:
293 583 346 644 ulii
357 605 444 645 nurus
456 588 620 667 accipiunt,
637 585 813 667 redduntque
824 589 945 646 ventosis
948 585 1073 668 follibus
1080 612 1090 660 ,-

47 669 104 732 alii
117 674 149 732 in
161 671 228 733 lacu
241 675 424 754 linquatoem
436 675 583 735 stridentia
591 699 602 748 ;
615 695 687 733 nam
697 674 832 734 candens
845 674 961 734 ferrum
973 676 1091 752 stridit,

47 779 150 839 quum
167 761 200 820 in
217 780 330 842 aquam
347 765 506 843 mergitur.
531 763 572 822 Et
588 763 714 844 quidem
733 777 771 822 ex·
785 762 957 846 frequentia
976 765 1093 824 ictuum

47 851 140 928 qemil
154 851 292 931 impositis
306 850 458 912 incudibus
469 865 602 926 nulnum,
624 852 656 911 id
673 865 733 927 est,
754 850 792 910 ab
808 853 961 933 impositis
976 853 1095 913 incudi·

48 937 125 1012 bns,
140 940 173 998 in
186 939 298 1019 quibus
310 944 428 1000 sonitus
441 941 587 1000 excitatus
601 961 635 999 ex
650 961 793 1021 percussu
808 941 1003 1001 malleorum.

92 1024 162 1101 451.
182 1029 302 1088 Placuit
319 1043 409 1110 poeta
428 1049 492 1088 rem
512 1031 555 1088 ita
572 1030 769 1110 abrumpere,
790 1032 876 1111 quasi
894 1027 1094 1090 illinendum

50 1113 193 1176 finierint
204 1137 221 1176 Γ
229 1119 347 1199 itaque,
363 1118 513 1200 relinquit
529 1117 598 1180 Illos
614 1118 786 1177 attollentes
798 1117 925 1178 brachia
938 1118 977 1177 ad
995 1122 1096 1179 cnsio·

50 1227 145 1281 nem,
170 1220 200 1266 et
218 1211 463 1289 percussionem,
486 1222 701 1289 versantesque
718 1210 750 1267 in
768 1209 893 1289 ignibus
910 1210 1096 1270 metallicam

51 1315 188 1356 massam
202 1297 308 1358 ferreis
323 1299 505 1380 forcipibus.

94 1381 166 1459 454.
185 1388 279 1463 Quasi
297 1409 333 1447 ex
349 1381 439 1468 aequo
452 1387 587 1470 opponit
603 1386 798 1447 laborantem
816 1387 849 1445 in
868 1387 978 1446 iusulis
990 1387 1101 1447 Vulca-

51 1492 151 1546 num,
172 1487 202 1532 et
217 1473 351 1534 Heroem
368 1477 480 1557 Regem
497 1473 729 1556 surgentemuad
748 1473 883 1545 labores3
911 1487 945 1531 ut
963 1473 1101 1534 docearis

52 1559 246 1641 VirgIIIanos
259 1563 362 1637 Deos,
381 1575 473 1644 atque
487 1553 603 1623 Heroas
616 1561 777 1621 laboribus
792 1560 913 1637 addici,
933 1581 997 1620 non
1013 1565 1100 1642 segni

53 1649 181 1709 luxuria
191 1650 336 1712 defluere.
353 1655 424 1712 Duo
437 1673 508 1712 vero
521 1653 702 1712 Evandrum
715 1652 865 1725 excitant,
880 1663 911 1708 et
923 1649 992 1724 lux,
1008 1660 1037 1708 et
1050 1670 1102 1708 vo-

53 1739 157 1799 lucres
169 1741 303 1801 :indicat
312 1741 496 1802 hirundines
507 1763 541 1801 ex
548 1741 796 1824 circumstantia,
811 1761 884 1798 nam
896 1737 947 1798 sub
957 1737 1085 1799 culmine
1091 1763 1103 1812 ;

54 1840 160 1910 potest
170 1829 321 1912 etgallos,
335 1833 433 1893 immo
444 1830 500 1892 hos
511 1833 628 1892 verius:
644 1845 673 1892 et
685 1830 786 1891 adhuc
798 1829 961 1902 luscinias,
976 1829 1000 1888 si
1013 1828 1101 1902 velis,

56 1918 170 1996 capias.
587 1922 590 1930 '

100 2005 169 2088 457.
190 2009 388 2070 Discriminat
406 2010 625 2090 indumentum
645 2013 752 2092 Regis,
774 2009 822 2069 cni
841 2008 948 2067 tunica
966 2007 1105 2087 tegendis

57 2094 208 2170 artubus;
234 2096 354 2159 'I'husca
376 2099 516 2159 sandalia
536 2097 685 2180 pedibus3
714 2097 793 2156 ensis
814 2095 977 2154 arcadicus
1002 2093 1107 2166 lateri3

57 2195 156 2263 atque
175 2182 311 2268 humeris
329 2187 418 2267 pellis
440 2186 617 2268 pantherae,
645 2207 715 2267 qnae
739 2185 870 2244 demissa
894 2184 932 2242 ab
951 2183 1029 2242 laevo
1050 2182 1108 2242 hn-

57 2291 150 2332 mero
162 2269 380 2354 torquebatur,
394 2275 658 2356 revocabaturque
671 2277 704 2334 in
716 2287 836 2356 partem
852 2270 1018 2332 dexteram.

91 2356 172 2433 461.
187 2360 272 2420 Eunt
285 2381 349 2420 una
363 2381 434 2421 eum
449 2365 530 2443 Rege
546 2384 634 2422 canes
652 2361 715 2422 duo
734 2361 772 2421 ad
785 2359 957 2421 custodiam
970 2359 1109 2440 corporis

60 2447 224 2507 destinati:
235 2448 300 2508 ibat
307 2447 366 2508 hoc
374 2455 523 2530 apparatu
531 2449 569 2509 ad
578 2470 646 2509 eam
654 2461 772 2531 partem
782 2447 895 2508 aedium
902 2493 911 2522 ,
919 2447 975 2506 ubi
982 2447 1108 2506 AEneam

60 2533 203 2615 hospitio
216 2547 386 2617 acceperat,
399 2555 520 2596 memor
531 2537 644 2597 scilicet
655 2535 800 2618 promissi
813 2533 930 2594 auxilii.

63 2727 189 2797 vectis»,
208 2731 254 2801 qui
267 2733 352 2784 ventis
363 2731 519 2786 turbentur.
532 2761 568 2773 —-
612 2732 722 2795 cecidit,
733 2731 861 2783 aJnnone
868 2741 980 2801 propter
987 2726 1112 2780 deformi-

64 2809 210 2880 Accipiunt
218 2809 567 2885 redduntque3jungendum3
612 2825 695 2864 tatem
706 2810 834 2880 dejectus.

65 2907 125 2942 uno
138 2889 207 2940 enim
219 2889 367 2961 eodemque
378 2903 497 2962 tempore
507 2907 570 2962 par·
642 2892 709 2958 alba.
726 2892 893 2962 Gressumque
902 2905 977 2940 canes
988 2886 1114 2938 comitan-

66 2973 119 3022 tim
131 2967 260 3037 reddunt,
279 2975 377 3042 partim
389 2984 483 3025 ventos
499 2973 571 3024 acci·
614 2983 658 3024 tur
668 2971 720 3022 ber.
737 2969 866 3021 Solemnis
881 2985 953 3032 mos,
970 2978 996 3018 et
1011 2965 1045 3016 ab
1056 2983 1112 3016 ravo

66 3049 240 3122 piunt.Serv.
532 3073 535 3080 ¹
614 3055 732 3104 Heroum
747 3049 852 3102 ductus.
868 3049 945 3098 Ilom.
962 3045 1058 3117 Odyss.
1075 3045 1113 3110 Il,

107 3129 168 3196 453.
182 3131 215 3182 In
229 3149 374 3183 uumemm.
392 3132 423 3182 In
435 3129 569 3192 ordinem
616 3131 649 3182 de
661 3127 835 3190 Telemacho,
848 3126 901 3178 Oia
912 3118 968 3186 eise,
980 3122 1035 3190 εἶμι
1044 3125 1079 3192 πᾷ
1086 3142 1114 3189 pr

68 3208 203 3263 ordinatis
222 3211 326 3263 vicibus
342 3210 456 3263 feriendi
473 3223 499 3263 et
510 3229 571 3263 ver·
615 3208 662 3262 driu
677 3205 738 3264 rim
755 3205 822 3276 ἀργοὶ
839 3203 936 3258 inurar:
956 3206 1018 3256 Nou
1033 3202 1115 3266 solus,

68 3287 166 3342 sandi:
190 3289 263 3360 quod
282 3285 371 3343 autem
392 3289 524 3343 incudibus
544 3293 572 3342 in
615 3289 695 3343 simul
707 3308 766 3340 eum
776 3287 828 3338 duo
840 3304 914 3338 canes
926 3284 1021 3335 veloces
1029 3301 1117 3354 seque-

69 3368 173 3443 plurali
190 3367 267 3434 dixit,¹
287 3385 313 3421 et
325 3387 439 3422 massam
454 3383 479 3422 et
492 3371 574 3421 forci·
618 3371 717 3420 buntur.
737 3365 878 3418 Herculem
893 3361 1055 3433 sequebatur
1072 3379 1117 3413 ca-

70 3468 136 3521 pem
149 3449 177 3499 in
191 3449 331 3521 singulari,
340 3449 472 3522 intelligas
485 3452 575 3521 singu·
618 3449 668 3498 nis.
687 3447 806 3497 Priamus
823 3440 958 3494 nutriebat
974 3442 1002 3491 in
1016 3440 1117 3492 aedibns

71 3530 109 3581 lis
132 3526 274 3582 incudibus
294 3528 411 3600 singulas
430 3547 530 3580 massas
549 3541 576 3580 et
620 3525 868 3592 canes,mensarios
873 3523 1011 3592 janitores.
1021 3519 1118 3572 Achilli

73 3610 194 3678 forcipes
207 3607 298 3659 fuisse.
311 3609 407 3659 Donat.
620 3625 715 3659 novem
728 3617 804 3658 erant
816 3621 895 3656 canes
908 3603 1041 3653 mensarii.
1059 3601 1121 3652 Plu·

112 3686 174 3755 454.
183 3688 253 3738 Dum
262 3686 315 3738 brec
321 3698 443 3758 properat
447 3710 455 3748 ;
462 3685 515 3739 hoo
523 3699 576 3754 est,
620 3685 729 3739 tarchus
736 3683 855 3758 loquitur
864 3683 896 3735 de
905 3701 971 3735 cane
978 3681 1120 3752 Xantippi,

76 3777 255 3840 properanter
266 3766 339 3817 lacit.
353 3766 495 3819 —AEoliis
514 3767 577 3818 Vul-
621 3765 743 3830 Periclis,
767 3761 913 3825 Alcibiadis
932 3775 958 3813 et
978 3761 1121 3813 Alexandri

77 3849 158 3901 cania
168 3865 222 3898 una
231 3859 270 3898 est
280 3845 313 3897 de
323 3857 425 3915 septem
436 3843 543 3913 AEoliis,
551 3849 578 3898 in
623 3847 725 3920 magni3
738 3859 763 3897 et
776 3864 868 3896 canem
879 3844 1002 3912 comitem
1012 3841 1058 3892 dat
1068 3842 1123 3910 lly-

80 3927 179 4002 quibus
197 3926 287 3978 AEolns
306 3928 436 3998 regnavit.
455 3956 491 3967 -
504 3925 580 3978 lem-
624 3926 743 3998 perocho
755 3924 925 3976 InachIoru‘m
939 3925 1002 3994 regi.
1018 3918 1124 3991 Syphax

80 4011 155 4070 niun
174 4008 238 4076 quia
254 4007 282 4058 in
302 4005 432 4058 Lamnum
452 4006 579 4073 insulam,
624 4009 694 4059 inter
710 4005 778 4058 duos
791 4023 870 4058 canes
887 4017 958 4057 stans
972 4001 1124 4070 Scipionem
