2692 4594
185 281 189 290 ·
222 260 284 326 232
552 250 933 328 concursuram
987 277 991 289 ·
1086 229 1090 236 ’

220 381 294 460 inde
311 390 354 440 est
371 378 456 439 locus
471 377 670 447 attentionist
687 377 774 464 quasi
786 373 868 444 dicat
879 371 1039 450 :·attende‚
1055 383 1086 435 et
1099 373 1229 438 docebo
1245 391 1275 438 te

220 470 274 550 qui
291 469 412 550 possint
428 463 538 525 confici
558 465 694 544 nuptiae:
711 461 760 523 hae
775 463 861 522 enim
872 481 956 522 nunc
968 462 1104 538 instant,
1120 483 1199 524 nam
1216 485 1272 524 vo·

218 560 370 620 luntatem
386 557 471 616 lovis
486 557 554 637 ipsa
570 555 645 614 alias
658 554 839 635 explorabo.

189 691 194 706 -.
263 669 328 729 117.
341 647 483 727 Sequitur
495 645 650 718 narratio,
662 645 694 703 in
707 665 769 725 qua
782 643 821 702 ab
834 643 1068 726 opportunitate
1078 641 1168 703 ducit
1179 645 1270 704 ratio·
1324 675 1325 688 .

133 807 138 818 ‚
221 760 292 800 nem
307 736 427 797 consilii
444 736 501 795 sui.
517 737 645 808 Parant,
660 735 776 814 inquit,
790 733 900 793 AEneas
912 745 942 792 et
955 731 1038 794 Dido
1051 735 1271 810 venationem,

219 826 273 894 ubi
291 825 426 906 primum
440 821 584 882 illuxerit.-
595 821 739 880 Currero
752 818 834 884 Dido
848 821 1027 880 miserrima?
1039 823 1170 900 anquia
1183 823 1272 882 mise·

218 935 253 982 re
264 913 390 971 AEueam
406 907 587 990 deperibat?
601 901 641 968 in
656 908 728 988 quia
742 907 861 988 nuptiae
878 909 942 968 istae
956 909 1073 968 exitum
1089 907 1272 990 babuerunt

218 1000 397 1084 infelicem?
413 1012 447 1059 ut
463 997 562 1057 malis.
577 997 704 1078 Signata
717 998 749 1056 in
762 1017 876 1070 nemin,
894 1018 974 1072 non,
989 1012 1128 1075 montes,
1142 1012 1199 1059 aut
1210 999 1271 1081 syl·
1325 1005 1326 1022 ³

218 1112 287 1164 ras3
307 1091 379 1170 quia
397 1089 430 1146 in
449 1084 507 1144 bae
525 1086 691 1152 venatione
710 1085 854 1166 voluptas
871 1085 1032 1165 quaeritur,
1053 1107 1152 1168 quam
1169 1087 1273 1166 signat

219 1198 339 1254 nemus.
355 1177 417 1236 Cur
431 1173 478 1258 sol
491 1171 612 1254 dicatur
629 1175 717 1236 Titan
728 1171 799 1244 vide
813 1171 914 1232 iufra:
930 1173 974 1232 ait
987 1171 1026 1232 de
1038 1174 1119 1248 sole,
1137 1172 1273 1235 exeunti

219 1281 311 1340 ornis,
332 1253 428 1324 ortem
448 1264 594 1334 retexerit,
614 1263 687 1340 quia
700 1259 753 1320 lux
768 1259 938 1341 putabatur
952 1263 1106 1324 veteribus
1123 1265 1271 1324 immersa

220 1357 360 1427 Oceano,
375 1349 458 1412 unde
476 1369 544 1408 eam
563 1347 613 1408 Sol
629 1346 790 1406 dicebatur
801 1345 926 1423 efferre,
940 1363 1033 1430 atque
1050 1350 1162 1414 orbem
1176 1363 1272 1412 terra-

217 1463 289 1502 rum
304 1453 438 1519 retegere
451 1451 567 1496 tectum
580 1436 666 1518 prius
681 1425 827 1504 tenebris.

262 1547 327 1600 120.
344 1525 479 1606 Exponit
486 1521 553 1604 jam
564 1521 730 1592 consilium
743 1521 912 1584 excitandae
924 1527 1112 1606 tempestatis
1122 1526 1158 1585 in
1168 1524 1271 1586 media

170 1611 175 1616 ’
219 1616 395 1700 sanationis
407 1613 575 1694 voluptate.
586 1612 666 1682 Vide
678 1631 751 1674 vero
764 1611 926 1682 horrorem
940 1617 1132 1696 tempestatis
1144 1607 1271 1697 graphi-

220 1729 253 1768 ce
268 1706 472 1786 descriptum:
487 1703 540 1763 ubi
551 1701 680 1776 nimbus,
694 1717 724 1764 et
736 1701 787 1763 bic
798 1706 928 1786 niqruns,
941 1706 993 1764 cui
1004 1704 1118 1786 qvando
1129 1705 1273 1764 commin·

220 1811 266 1858 ta:
286 1795 323 1854 ad
344 1793 421 1866 haec,
441 1795 582 1866 tonitrua,
603 1793 716 1873 quibus
735 1791 840 1864 aoelnm
858 1815 943 1857 omne
958 1793 1087 1872 ciebitnr.
1107 1795 1181 1871 Quo
1198 1813 1270 1852 vero

219 1898 359 1964 tempore
378 1882 563 1956 excitabitur
579 1881 859 1963 tempestasl'dum
877 1879 934 1942 aloe
951 1883 1091 1964 equitum
1113 1881 1269 1964 trepidant,

220 1971 253 2032 id
272 1984 331 2045 est,
349 1970 497 2029 festinant
515 1971 601 2030 vario
617 1970 672 2030 illo
692 1972 883 2052 agitatorum·
897 1965 1046 2032 cursu‘ao
1062 1970 1222 2045 discursu3
1237 1989 1269 2030 ac

220 2060 295 2120 dum
311 2062 433 2140 cinqunt
441 2055 530 2118 saltus
541 2057 678 2141 indaqine
689 2061 860 2120 venatoria.

263 2147 328 2206 123.
341 2144 376 2204 ld
390 2144 474 2226 quod
488 2147 693 2206 necessarium
705 2147 739 2206 in
751 2157 946 2230 tempestate,
955 2148 1011 2208 ubi
1021 2148 1126 2208 statim
1137 2146 1229 2228 fugai;
1240 2159 1270 2206 et

221 2234 306 2318 quod
319 2246 533 2316 opportunum
547 2234 585 2294 ad
599 2254 678 2310 rem,
692 2246 727 2294 ut
742 2255 835 2296 nemo
851 2235 966 2298 scilicet
980 2235 1084 2296 videat
1100 2237 1268 2317 Reginam,

221 2344 318 2406 quum
333 2343 368 2396 ca
383 2341 413 2380 se
426 2324 555 2404 recipiat
569 2323 608 2384 ad
620 2325 811 2406 speluncam.

263 2408 328 2483 ml.
341 2411 474 2469 Venient
486 2411 584 2487 Dido,
599 2427 629 2472 et
642 2415 751 2474 AEneas
764 2413 803 2476 ad
813 2414 953 2476 eamdem
965 2413 1160 2497 speluncam,
1175 2433 1266 2495 quam

204 2497 332 2590 ¹scilicet
345 2493 472 2568 fortuna
485 2497 605 2574 offeret.
619 2500 731 2576 Adero,
745 2504 885 2584 proprie3
898 2523 973 2562 nam
986 2505 1005 2562 J
1008 2503 1107 2565 unoni
1118 2514 1192 2562 sunt
1204 2503 1267 2560 vin·

220 2588 266 2648 cla
278 2584 395 2668 jugalia
411 2606 507 2664 curae3
521 2603 562 2665 et,
577 2593 602 2650 si
612 2589 748 2660 uoluntas
760 2606 810 2662 tna
828 2597 865 2656 sit
879 2608 955 2656 certa
967 2592 1055 2669 miti,
1069 2594 1199 2675 proprie
1210 2591 1266 2652 boc
1331 2599 1332 2614 ¹

219 2697 363 2760 quoque:
384 2675 449 2748 Dea
470 2682 555 2748 enim
573 2679 712 2763 conjugii
734 2685 818 2752 Juno
839 2686 921 2760 vult,
941 2696 976 2744 ut
995 2685 1183 2744 assentiatur
1204 2685 1266 2742 Dea

219 2789 363 2850 amorum
371 2771 490 2847 Venus,
501 2791 562 2851 qua
573 2769 754 2852 adjurante,
765 2793 826 2852 qua
839 2774 1011 2855 inspirante
1021 2769 1168 2854 conjugia
1179 2769 1265 2831 fiunt.

217 2922 383 2994 impossibile
394 2941 467 2994 esse,
478 2923 552 2998 quod
560 2927 642 2996 petit:
656 2943 720 2978 narn
803 2945 860 2996 119·
881 2927 966 2980 Titan.
985 2925 1046 2994 sol,
1065 2944 1137 2986 unus
1152 2927 1223 2977 enim
1235 2922 1265 2974 de

217 3020 313 3053 uxores
330 3002 410 3056 facile
426 3017 529 3056 secreta
545 3007 663 3056 virorum
680 3007 720 3056 in·
763 3007 921 3072 Titanibus,
934 3007 1094 3078 Hyperionis
1105 3005 1193 3071 lilius,
1206 3023 1265 3056 cou-

218 3083 350 3154 telligunt.
763 3101 806 3140 tra
816 3090 910 3140 Jovem
921 3105 976 3137 nun
989 3087 1063 3138 fecit.
1078 3086 1150 3137 Serv.

257 3163 313 3224 116.
323 3161 441 3234 Confleri.
448 3163 479 3213 ld
487 3175 535 3228 est,
544 3162 653 3227 confici;
663 3165 716 3230 ,lul
802 3183 860 3219 121.
879 3167 937 3228 Alce
957 3166 1083 3236 Equites3
1103 3164 1140 3216 ob
1151 3163 1205 3218 boc
1219 3161 1265 3214 aloe

217 3240 286 3296 Seal.
306 3241 351 3305 IV,
373 3242 412 3294 16·
430 3243 536 3296 Terent.
556 3241 671 3313 Adelph.
684 3245 718 3310 V,
762 3246 843 3314 dicti,
855 3248 918 3318 quia
927 3260 1020 3318 tegunt
1030 3244 1150 3317 pedites,
1164 3245 1264 3300 alarum

217 3322 243 3374 8.
264 3317 373 3370 «Gonfit
393 3319 466 3388 quod
486 3317 548 3370 volo
563 3343 593 3384 n,
614 3320 642 3372 id
661 3335 717 3389 est,
761 3329 828 3380 vice.
849 3329 919 3386 Serv.
941 3356 975 3366 -—
991 3327 1108 3379 loannes
1128 3324 1264 3396 Scoppae

215 3397 370 3470 perficitur:
387 3395 460 3448 unde
479 3399 655 3460 «confectum
670 3422 718 3468 ne·
760 3408 844 3459 veteri
862 3409 1014 3478 fragmento
1033 3407 1138 3477 profert
1157 3418 1264 3456 venato-

216 3478 316 3548 gotium
330 3498 361 3541 n,
374 3473 447 3544 quod
454 3473 489 3526 ad
497 3475 605 3545 plenum
613 3479 717 3550 perfici·
761 3505 820 3538 rum
837 3487 940 3557 species
954 3497 1084 3557 quatuor,
1104 3485 1264 3558 investipato·

217 3552 652 3622 tnr.CiceroadAtticumlib.lX:
667 3575 718 3616 sut
762 3583 816 3629 res,
841 3565 1010 3630 indicatores,
1037 3563 1217 3628 insidiatores,
1240 3575 1263 3614 et

216 3655 266 3708 per
276 3646 302 3684 te
314 3652 356 3685 res
368 3645 424 3684 tora
437 3635 592 3703 confieret.»
608 3640 715 3693 Caesar:
761 3645 857 3709 alatos,
880 3639 926 3714 'qui
947 3662 1016 3714 equo
1037 3645 1108 3700 feras
1127 3645 1156 3695 in
1179 3660 1262 3702 cesses

218 3717 416 3782 qPosteaquam
424 3713 453 3772 id
463 3714 597 3769 difficilius
606 3720 717 3773 confieri
761 3737 865 3794 urgent.
882 3751 918 3763 -
928 3723 1058 3796 Indapine
1074 3722 1193 3794 cinqunt.
1209 3723 1262 3774 Ser·

217 3790 412 3844 animadvertit.
422 3817 433 3840 s
443 3793 596 3848 Castissima
607 3812 646 3850 est
654 3819 716 3866 vox,
760 3804 818 3852 vius
842 3803 984 3854 «ferarum
1002 3803 1179 3871 inquisitione
1195 3825 1206 3850 s
1226 3803 1261 3852 in·

217 3871 250 3944 de
261 3889 289 3921 re
299 3873 372 3942 gravi
381 3883 406 3923 et
416 3877 503 3946 magni
513 3881 648 3931 momenti.
659 3881 715 3932 Uti·
760 3895 935 3952 terpretatur:
945 3881 1023 3934 uobis
1031 3881 1127 3953 indapo
1134 3882 1262 3952 accipitur

215 3964 260 4020 tur
274 3950 367 4017 crebro
383 3953 462 4008 etiam
472 3954 620 4011 Lucretius.
763 3963 843 4026 series
864 3961 1022 4036 plagarum,
1046 3960 1145 4034 quibus
1168 3959 1260 4022 θώων
