2644 4614
238 309 305 398 '⁴96
566 303 948 368 counanmnm

238 453 309 514 quae
327 429 407 490 dieta
426 427 727 501 Mamm-Potitius
746 425 825 500 fnit3
846 439 937 508 atque
956 429 1124 503 Pinarius,
1146 429 1187 489 ad
1205 431 1274 512 cujus
1306 505 1307 510 η

238 531 346 602 postea
363 517 490 575 domum
504 530 533 575 et
547 515 700 574 familiam
714 517 865 596 pertinuit
878 515 1019 576 custodia
1034 537 1202 576 sacrorum
1214 521 1275 578 ller-

238 603 323 664 culis.
340 605 438 664 Porro
451 605 552 685 gravis
567 602 621 662 illa
635 603 804 682 geminatio
819 601 857 662 de
870 624 922 662 am
935 623 1049 682 semper
1059 605 1206 664 Maxima
1217 626 1272 664 con·

238 696 314 753 tinet
329 693 424 752 veluti
438 714 531 752 omen
547 691 707 772 quoddam
721 712 883 771 nunquam
898 691 1027 750 desituri
1039 693 1182 752 llomani
1195 695 1274 774 Impe-

236 783 292 858 rii,
309 785 388 842 sicut
402 803 502 862 neque
516 781 600 840 illius
612 781 699 840 sacri.

225 913 233 924 .
279 871 346 950 273.
362 871 421 930 Hic
431 867 496 949 jam
510 868 547 928 ad
560 888 666 950 parem
679 865 885 926 celebritatem
899 866 1012 924 invitat
1023 865 1202 946 Trojanos:
1216 867 1275 926 indi-

238 961 285 1018 cia
302 973 405 1033 erunt,
423 979 545 1019 coronae
561 961 594 1016 iu
610 957 723 1028 comis3
741 953 853 1035 pocula
870 957 903 1012 in
920 955 1089 1030 manibus3
1111 971 1149 1015 ut
1166 959 1210 1017 ita
1222 978 1275 1016 cun

237 1051 362 1108 coronis
376 1061 553 1129 precentur,
571 1067 642 1104 cum
657 1044 776 1126 poculis
794 1043 902 1102 libent.
924 1045 1034 1124 ltaque
1048 1049 1222 1115 sententia,
1236 1067 1274 1127 pa·

235 1157 306 1196 rum
321 1136 468 1196 hactenus
483 1155 629 1216 expensa,
641 1132 706 1193 haec
718 1147 777 1192 est:
794 1133 908 1213 cingite
921 1153 976 1192 vos
990 1136 1142 1209 coronis,
1157 1149 1193 1194 ut
1207 1137 1274 1193 into

235 1228 308 1284 cetis
322 1245 521 1284 communem
534 1225 650 1282 Deum:
667 1221 800 1302 praebete
815 1219 907 1280 nobis
920 1233 1032 1280 mutua
1050 1222 1189 1302 pocula,
1203 1236 1235 1283 ut
1246 1224 1276 1280 ita

237 1314 291 1374 fiat
305 1313 426 1374 libatio.

278 1401 345 1480 276.
363 1399 593 1479 Consequenter
608 1401 684 1472 ista3
701 1418 774 1456 nam
791 1401 895 1456 statim
907 1397 1054 1458 Evander
1067 1419 1103 1458 se
1116 1405 1276 1473 coronavit,

237 1500 267 1547 et
281 1488 414 1568 arripuit
429 1487 592 1568 poculum:
608 1485 681 1544 inde
696 1499 805 1544 secutae
818 1485 858 1544 ad
873 1505 1022 1547 coronam
1039 1507 1170 1566 preces,
1186 1488 1222 1546 ad
1235 1507 1276 1567 po·

237 1573 343 1632 culum
357 1573 485 1633 libatio:
501 1573 587 1648 vide,
600 1593 694 1653 quam
709 1572 768 1630 sibi
783 1573 817 1630 in
831 1570 979 1631 omnibns
992 1574 1154 1653 Virgilius
1169 1587 1277 1634 constet.

234 1663 345 1743 Itaque
365 1677 499 1744 quatuor
518 1665 575 1722 ista
594 1660 759 1742 conjuncta
780 1674 870 1720 sunt:
892 1663 1008 1742 cingite
1029 1661 1154 1728 fronde
1175 1684 1278 1733 comas,

237 1773 499 1833 communemque
515 1767 622 1814 vocate
636 1755 756 1812 Deum:
774 1752 890 1812 velavit
905 1772 1031 1824 comas3
1051 1755 1218 1835 Divosque
1230 1773 1278 1835 pre

237 1856 356 1902 cantur.
378 1844 511 1901 Rursum
530 1841 596 1902 haec
614 1856 766 1923 quatuor:
790 1842 902 1923 pocula
919 1843 1045 1923 porgite
1065 1842 1207 1918 dextris,
1227 1844 1278 1902 date

237 1934 311 1991 vina
324 1931 477 2004 volentes3
494 1933 635 2012 implevit
649 1932 788 1991 dextram
801 1929 953 2013 scyphus3
969 1933 1003 1990 in
1018 1951 1170 1993 mensam
1185 1934 1241 1994 laeti
1253 1933 1278 1990 li·

236 2021 322 2081 bant.
345 2021 437 2096 Vide,
456 2041 550 2101 quam
568 2021 676 2080 leviter
691 2022 767 2082 solet
781 2021 931 2102 Virgilius
947 2043 964 2080 a
979 2023 1211 2083 Grammaticis
1226 2043 1278 2104 per·

238 2129 330 2168 curri.
627 2160 629 2176 ,
1051 2130 1053 2136 ·

278 2202 346 2260 280.
365 2198 538 2258 Inclinante
552 2200 585 2257 in
604 2211 726 2258 noctem
745 2197 837 2275 caelo,
856 2197 1034 2259 Sacerdotes
1052 2199 1244 2273 adveniunt,
1260 2211 1281 2257 et

274 2377 333 2428 272.
346 2359 406 2410 Erit
416 2377 475 2430 quae
486 2360 610 2410 maxima.
630 2359 738 2429 Repeti·
784 2371 841 2425 tur,
854 2361 876 2412 si
890 2372 1016 2430 reputare
1028 2360 1156 2413 volueris
1168 2364 1240 2414 etiam
1252 2360 1281 2409 vi·

238 2442 276 2492 tio
288 2439 364 2492 verbi
378 2439 560 2511 adheuntem
577 2453 604 2491 et
620 2451 739 2510 potesta·
783 2457 819 2488 na
831 2441 859 2490 in
871 2439 1002 2490 honorem
1012 2439 1140 2492 Deorum
1148 2443 1280 2493 inferorum

238 2535 292 2572 tem
305 2521 429 2590 pertinet.
445 2519 515 2569 Serv.
531 2518 680 2569 -Eadem
697 2539 740 2590 ge·
783 2519 875 2585 fundi,
891 2533 917 2572 et
934 2520 995 2570 vino
1007 2521 1073 2591 fuso
1092 2522 1179 2573 Lares
1194 2520 1281 2591 snppli-

237 2601 384 2650 minatione
392 2599 512 2668 Propert.
520 2601 564 2662 lV,
577 2614 621 2648 tn:
636 2620 646 2642 α
657 2598 739 2648 Maxi·
783 2601 1032 2650 cari-Datevine
1041 2600 1172 2653 volentes.
1178 2602 1225 2652 Vel
1233 2601 1282 2670 quia

237 2699 281 2731 ma
299 2698 356 2750 quae
373 2679 498 2751 gregibus
518 2677 615 2729 devota
633 2689 673 2728 est
692 2697 739 2729 ara
783 2679 913 2748 obsequia
933 2697 990 2729 non
1014 2681 1215 2750 accipiuntur,
1242 2679 1281 2729 nisi

237 2761 364 2831 repertis,
376 2760 429 2810 Ara
442 2777 490 2828 per
498 2757 561 2820 has,
573 2758 673 2827 inquit,
685 2776 739 2808 ma·
782 2759 862 2828 plena
871 2757 1011 2809 voluntate
1020 2759 1130 2811 fuerint
1139 2759 1279 2831 persoluta:

236 2843 307 2892 xima
315 2841 388 2892 iacta
400 2857 504 2890 manns.
516 2861 527 2885 n
542 2837 630 2890 Cerda.
781 2838 824 2889 vel
835 2839 897 2908 quia
908 2839 1033 2888 inimicus
1045 2838 1201 2910 aliqnando
1210 2837 1280 2906 TroJ'i

273 2923 334 2991 273.
348 2922 380 2970 ln
390 2938 503 2970 munere.
517 2919 579 2969 Non
592 2932 645 2969 tarn
657 2918 685 2967 in
695 2919 735 2968 of·
780 2917 908 2970 Hercules
918 2919 978 2968 fuit.
990 2919 1093 2968 Donat.

236 2999 312 3066 ficio,
334 3019 414 3072 quam
434 3001 462 3049 in
479 2998 583 3049 honore
601 2996 645 3048 hic
666 2998 735 3047 acci·
816 3013 874 3066 277.
896 2998 933 3047 Et
949 3013 1020 3048 sacer
1038 2998 1168 3068 implevit
1177 2999 1279 3049 derum

236 3079 374 3152 piendum.
393 3079 618 3130 Seru-—Munus
638 3075 736 3126 dieitur
780 3078 896 3150 scyphus.
920 3079 998 3130 Sacer
1015 3077 1079 3130 ideo
1100 3081 1212 3150 posuit,
1231 3079 1280 3148 quir

230 3178 303 3212 'cura
318 3161 527 3228 uniuscujusque
543 3158 582 3208 rei
599 3155 738 3226 perficien-
782 3157 878 3229 quibus
892 3175 1033 3208 sacrorum
1043 3176 1113 3210 cura
1124 3172 1184 3224 est,
1195 3158 1280 3210 habent

238 3239 278 3290 dee
299 3241 424 3309 imposita
444 3255 505 3288 curn
522 3236 679 3287 necessitate
698 3235 738 3286 la·
784 3237 1281 3309 dicatanuminibusvasa,quibusob

195 3364 199 3377 ,
238 3317 335 3370 ciendi.
345 3319 442 3368 Donat.
759 3319 762 3330 “
780 3317 874 3386 sequia
883 3315 975 3367 divina
984 3315 1142 3385 perficiunt.
1153 3315 1250 3370 Donat.
1257 3343 1281 3352 ο

264 3398 323 3466 275.
333 3399 552 3466 Communemque
557 3391 732 3444 vocandeum.
780 3396 904 3468 Sryphns.
913 3398 1025 3466 Proprie
1035 3419 1042 3447 :
1053 3417 1120 3448 nam
1128 3399 1281 3470 scyphnsras

237 3479 272 3528 Ut
284 3497 333 3548 per
343 3477 558 3546 conjunctionem
565 3473 697 3524 foederum
708 3489 735 3522 se
781 3477 1056 3547 estHerculisrquem
1064 3477 1166 3530 dicunt
1176 3481 1281 3532 attulisse

237 3558 359 3626 Trojanis
378 3559 549 3610 commixtum
569 3553 734 3617 ostenderet,
782 3555 1020 3627 inltaliamingens
1029 3575 1061 3607 ex
1069 3556 1148 3628 ligno
1156 3558 1281 3630 poculum,
1306 3547 1307 3598 l

236 3635 279 3685 vel
303 3640 366 3706 quia
391 3653 474 3706 supra
499 3633 615 3686 ostendit
639 3633 734 3683 AEneas
781 3654 834 3708 quo
843 3635 1281 3690 adsacrantebatur.Plutarjnvi
1306 3691 1307 3708 ,

237 3713 323 3782 Trnjae
340 3729 365 3768 et
377 3715 497 3768 Arcadiae
512 3713 628 3785 populos
639 3712 735 3764 iisdem
775 3717 888 3768 'taAlex.
900 3716 934 3768 ad
944 3715 1035 3780 finem,
1046 3714 1280 3787 ondpay‘l-lpme'wt,
1306 3721 1307 3780 l

236 3795 393 3864 parentibus
402 3797 513 3866 genitos.
522 3797 618 3846 Donat.
627 3823 661 3833 —-
669 3793 735 3843 Date
779 3796 904 3868 scyphum
915 3794 1043 3847 Herculis.
1055 3795 1157 3850 senec.
1171 3802 1199 3850 in
1209 3798 1278 3868 Epist.

237 3873 306 3924 uina.
320 3873 390 3938 Quia
399 3887 502 3924 tantum
511 3875 567 3926 Diis
580 3875 683 3944 superis
695 3874 735 3923 vi·
783 3875 984 3928 «Alexandrum
1011 3877 1228 3948 intemperantia
1250 3874 1280 3924 bi·

236 3969 273 4002 na
291 3950 370 4000 libari
391 3950 511 4003 decebat.
535 3955 603 4005 Serv.
623 3953 735 4018 -Quae
779 3955 874 4022 bendi,
888 3968 914 4006 et
924 3954 968 4006 ille
978 3955 1177 4012 Herculaneus
1189 3977 1219 4012 ac
1229 3956 1281 4006 fata·

238 4030 425 4082 commentatio
437 4047 533 4098 parum
545 4045 618 4083 certa
634 4032 735 4084 videbi·
779 4035 812 4088 lis
824 4033 938 4106 scyphus
948 4031 1080 4105 perdidit.
1094 4058 1107 4083 n
