2676 4602
255 324 322 392 256·
583 317 965 386 conueurlnrr
1028 303 1031 312 '

254 451 308 507 tius
322 443 359 504 ab
371 444 443 506 love
456 443 571 516 missus,
588 438 697 521 Apollo
710 443 867 522 Gryneus,
884 457 970 504 sortes
983 445 1089 526 Lycioe.
1105 447 1183 511 Haec
1200 463 1237 513 ut
1250 473 1292 514 ex-

252 544 374 608 tenuet,
387 543 434 592 tot
445 529 591 590 conferte
603 529 723 589 vocales
735 529 845 590 exiles:
861 530 941 590 vidit
953 531 1014 592 hoc
1029 534 1134 596 Julius
1146 539 1291 620 Scaliger:

253 619 327 680 inde
341 620 435 680 etiam
446 617 622 698 frequentes
633 615 795 698 dactylici,
808 619 862 698 qui
872 637 996 678 versum
1006 635 1198 687 extenuent:
1213 649 1293 707 neque

254 723 280 770 te
289 722 379 782 teneo,
390 727 481 790 neque
490 705 568 766 dicto
577 702 692 788 rastello:
703 726 766 765 non
778 725 852 764 ausa
863 706 977 766 scilicet
986 723 1098 770 contra
1107 715 1194 776 Deos
1205 717 1291 796 loqui.

292 799 361 857 381.
380 797 529 876 Desperat
541 790 622 874 jam;
641 794 829 865 contemnit;
847 791 972 872 abjicit:
989 796 1055 871 abi,
1074 800 1216 880 ingrate,
1234 824 1292 884 per·

251 883 328 958 fide,
342 881 478 944 nefarie:
494 901 622 960 sequere
633 881 772 955 ltaliam,
784 880 840 940 sed
852 882 966 957 ventis,
980 903 999 944 o
1012 885 1219 966 imprudens:
1233 905 1294 972 pete

250 969 1293 1057 regna,sedperundas,oamens:quaetuaimprudentia,quaeamen·

249 1065 308 1138 tia,
320 1077 355 1123 ut
368 1061 492 1122 ltaliam
507 1059 609 1139 sequi,
628 1071 658 1118 et
671 1078 767 1138 regna
784 1057 876 1134 velis,
896 1081 954 1142 per
967 1078 1092 1141 ventos,
1109 1087 1169 1148 per
1183 1068 1293 1140 undas,

249 1153 314 1232 ipse
340 1151 434 1210 toties
459 1161 641 1222 ventorum,
669 1159 700 1206 et
722 1147 877 1208 undarum
910 1151 1105 1212 iracundiam
1136 1157 1294 1238 expertus?

248 1241 304 1308 Est
320 1240 413 1298 etiarn
430 1235 530 1310 aliud,
550 1235 634 1315 quod
652 1234 820 1318 expendas:
839 1258 906 1318 spes
921 1252 976 1299 tua
992 1241 1106 1301 similis
1123 1259 1172 1304 est
1190 1260 1292 1318 vento,

249 1325 361 1389 similis
375 1339 422 1385 est
434 1324 523 1384 fluxae
537 1335 567 1382 et
580 1322 669 1383 labili
684 1323 777 1384 undae
789 1346 796 1382 :
810 1345 880 1406 quae
892 1347 965 1407 ergo
979 1327 1051 1388 illa?
1067 1351 1142 1390 cum
1159 1331 1212 1392 his
1231 1354 1294 1393 cou-

197 1477 199 1485 ,
249 1419 379 1480 veniunt
388 1413 480 1475 verba
489 1433 603 1494 sequere
615 1425 645 1472 et
654 1425 736 1495 pete:
749 1414 895 1495 perinde:
912 1419 1046 1496 sequeris
1056 1421 1206 1500 quidem,
1220 1443 1294 1482 nun·

211 1561 214 1568 ,
249 1529 343 1592 quam
357 1503 545 1586 assequeris:
560 1517 660 1583 petes,
673 1524 837 1586 nunquam
853 1504 980 1566 tenebis.
1329 1519 1330 1584 j

289 1596 356 1656 382.
368 1595 440 1652 lam
454 1591 521 1650 dire
533 1593 706 1664 ominatur;
719 1603 749 1650 et
761 1605 864 1672 sperat
878 1589 945 1651 fore
959 1595 1039 1653 utin
1053 1597 1160 1656 me'dia
1173 1600 1295 1678 naviga·
1329 1595 1330 1686 l

248 1685 335 1743 tione
347 1691 471 1762 pereat:
492 1676 546 1737 sed
560 1698 615 1737 cur
626 1680 731 1760 potius
744 1692 863 1760 sperat,
880 1699 975 1761 quam
988 1682 1104 1758 credit,
1124 1699 1181 1744 aut
1195 1685 1296 1766 putat?
1329 1689 1330 1728 l

247 1791 344 1854 spero,-
365 1789 438 1827 nam
455 1765 521 1828 baec
538 1787 588 1826 me
605 1787 675 1848 spes
689 1767 759 1842 alit,
778 1779 808 1827 et
825 1781 941 1828 recreat
955 1771 988 1827 in
1003 1772 1105 1832 malis.
1124 1772 1212 1848 Quid
1229 1795 1295 1833 vero
1329 1829 1330 1838 ,

249 1857 371 1942 sperat?
390 1860 527 1940 primum
542 1853 702 1917 hausurum
722 1869 747 1916 te
764 1855 906 1939 supplicia
926 1861 958 1917 in
974 1859 1110 1941 scopulis.
1130 1863 1293 1936 Praeclare,
1329 1841 1330 1918 l

248 1968 324 2007 nam
337 1965 409 2006 vere
423 1945 614 2028 supplicium
626 1942 765 2020 hauriet,
781 1946 836 2026 qui
851 1947 885 2004 in
899 1945 993 2006 undis
1006 1946 1144 2029 peribit:
1161 1952 1294 2012 simulet

246 2033 349 2094 undas
368 2047 399 2094 et
420 2047 552 2094 mortem
573 2030 714 2091 hauriet:
734 2030 848 2092 deinde
867 2047 970 2114 sperat
988 2037 1109 2095 nomine
1126 2038 1210 2098 Dido
1231 2060 1296 2120 serpe

247 2136 416 2184 vocaturum
422 2147 433 2195 ;
446 2121 571 2181 vocabis
584 2139 634 2178 me
649 2134 731 2196 tum,
747 2140 845 2200 quum
858 2122 891 2178 in
905 2119 999 2180 undis
1013 2143 1137 2202 pereas,
1157 2145 1231 2185 meo
1247 2147 1296 2185 no-

247 2217 350 2277 rnine:
373 2233 391 2272 ο
412 2212 511 2285 Dido,
535 2224 568 2270 tu
589 2230 639 2269 me
657 2230 781 2284 eneces,
798 2223 832 2269 tu
850 2230 900 2270 rue
916 2210 1035 2291 perdis!
1051 2211 1101 2271 vel
1120 2215 1230 2293 potius
1245 2215 1294 2273 tibi

246 2301 447 2381 naufraganti
465 2320 515 2359 me
531 2298 773 2373 auxiliatricem,
790 2311 826 2358 ut
843 2297 954 2374 modo,
976 2298 1156 2375 invocabis;
1177 2316 1210 2362 et
1227 2318 1297 2362 tunc
1328 2357 1329 2360 ,

246 2389 382 2447 vicissim
402 2407 522 2446 rnemor
543 2389 673 2468 ingratae
694 2387 823 2461 mentis,
843 2387 959 2446 nedum
980 2407 1181 2462 succurram,
1198 2411 1296 2472 sequor
1328 2387 1329 2392 ’

246 2479 316 2536 atris
327 2473 441 2556 ipnibus
452 2471 571 2532 absens:
589 2494 663 2532 nam
679 2487 713 2533 tu
734 2476 801 2555 ipse
818 2473 1039 2555 imaginaberis
1053 2495 1105 2534 me
1120 2477 1295 2549 absentem;

247 2576 277 2624 et
290 2577 319 2622 te
330 2561 450 2622 facibus
461 2558 643 2620 ardentibus
657 2575 776 2621 armata
787 2581 987 2643 praesensque
996 2582 1187 2642 persequar:
1199 2564 1296 2645 placet

246 2651 312 2714 haec
325 2671 413 2713 mens
427 2652 564 2710 Donati:
584 2653 669 2712 varie
686 2653 885 2732 interpretes3
905 2665 1077 2731 utcumque
1092 2653 1150 2726 sit,
1170 2675 1237 2713 non
1252 2676 1295 2713 oa-

245 2745 331 2824 piam
343 2741 382 2802 de
394 2755 518 2801 mortua
530 2739 671 2817 Didone,
683 2761 781 2822 quum
797 2743 902 2800 statim
916 2755 1079 2822 sequatur,
1091 2745 1136 2802 Et
1143 2766 1238 2824 quum
1243 2744 1295 2826 fu
1328 2769 1329 2832 q

244 2831 314 2914 qida
325 2851 415 2904 mors,
437 2843 494 2889 etc.
516 2829 598 2911 Ergo
614 2831 671 2906 ait,
692 2827 818 2912 vocabis
833 2849 897 2904 me,
917 2843 948 2887 et
959 2841 1034 2888 tunc
1047 2831 1180 2910 putabis
1195 2852 1294 2891 errore
1328 2833 1329 2848 ¹

245 2924 373 2995 mentis,
384 2939 434 2980 me
444 2918 503 2979 tihi
515 2939 675 2978 occurrere
686 2937 756 2978 cum
767 2915 905 2992 facibus,
917 2937 952 2976 ac
963 2931 992 2976 te
1002 2919 1136 2998 agitare,
1150 2935 1188 2980 ut
1198 2920 1295 2980 solent

244 3011 335 3071 furiae
353 3022 498 3068 nocentes
512 3005 676 3066 homines:
697 3005 847 3066 hactenus
862 3006 956 3080 dixit,
978 3007 1054 3086 quid
1070 3019 1242 3086 putaturus
1259 3009 1294 3067 sit

244 3100 353 3158 AEneas
368 3117 423 3177 per
438 3113 591 3153 errorem:
606 3095 745 3173 sequitur
759 3091 888 3168 deinde,
904 3090 981 3174 quid
994 3112 1066 3152 vere
1080 3094 1216 3154 accidat.
1232 3097 1292 3156 Ser-

243 3187 315 3244 vavi
328 3183 367 3242 ad
379 3183 494 3242 exitum
510 3178 727 3260 parenthesin,
741 3184 766 3240 si
774 3180 846 3262 quid
854 3183 905 3262 pia
916 3182 1041 3240 numina
1051 3197 1195 3262 possunt:
1210 3186 1291 3266 atqui

245 3285 295 3346 tu,
309 3270 408 3342 Dido,
420 3268 530 3324 riseras
543 3267 681 3327 Deorum
696 3289 783 3328 curas
795 3289 867 3350 erga
881 3266 1045 3328 mortales?
1056 3268 1153 3328 Nulla
1165 3271 1290 3344 solutio,

244 3362 304 3418 nisi
320 3355 529 3442 inconstantia
544 3359 676 3432 amoris,
694 3361 861 3442 variusque
872 3357 960 3439 juxta
973 3359 1065 3418 illum
1081 3357 1217 3421 affectus
1230 3363 1289 3420 ani-

245 3449 304 3518 mi,
314 3445 363 3504 vel
372 3443 426 3502 illa
436 3444 550 3504 diviuae
557 3443 687 3525 justitia:
696 3450 805 3530 opinio
814 3449 971 3508 mentibus
982 3446 1132 3508 humanis
1143 3452 1289 3532 ingenita.

284 3533 352 3593 385.
371 3534 525 3613 Loquitur
539 3555 573 3593 ex
591 3533 732 3596 doctriua
746 3551 902 3612 veterum,
920 3558 981 3618 qua
997 3539 1159 3618 putebant
1174 3541 1288 3599 animas

244 3727 326 3780 quum
335 3707 392 3758 vult
404 3708 495 3763 abire:
509 3713 555 3764 sed
567 3732 615 3766 cur
626 3734 681 3765 non
694 3733 739 3766 an·
784 3735 856 3768 nunc
868 3715 902 3768 de
917 3729 942 3768 te
955 3703 1067 3779 curant,
1082 3717 1131 3786 qui
1146 3729 1210 3768 ante
1222 3717 1287 3786 peri·
1327 3713 1328 3716 ’

243 3803 295 3853 tea,
304 3806 385 3858 quum
394 3807 476 3860 opera
485 3810 545 3844 mea
552 3793 659 3865 egeret?
668 3795 737 3846 Don.
783 3797 886 3848 clitanti
894 3815 948 3847 non
959 3808 1123 3848 curaverunt
1136 3797 1284 3849 subvenire.

207 3926 210 3933 ¹
242 3898 275 3908 -
283 3869 362 3920 Nunc
372 3869 436 3920 Jove
447 3873 535 3924 missus
546 3874 577 3924 ab
589 3875 651 3944 ipso.
666 3873 739 3925 sicut
783 3876 1283 3948 Hacirrisiouisspeciesmimesisroca·

242 3965 320 4018 supra
331 3948 422 4019 abipso
433 3969 543 4023 mapno:
556 3965 582 4030 et
590 3953 658 4004 bene
669 3971 738 4005 :runc
782 3966 834 4020 tur,
844 3956 972 4027 quaDido
978 3957 1061 4027 ipsius
1068 3958 1158 4008 AEneae
1164 3955 1282 4008 verbaad
1327 3975 1328 3978 ¹

241 4028 335 4099 seprius
345 4030 433 4099 posuit
443 4029 477 4082 ud
486 4033 648 4098 irrisionem,
660 4035 736 4101 quasi
782 4049 963 4108 contemptum
972 4038 1069 4107 repetit
1077 4050 1104 4089 ct
1114 4037 1265 4108 exprobrat.
