2692 4594
326 279 377 342 ru
400 277 634 360 numnos
657 279 750 344 ma
775 278 847 344 111.
1040 314 1103 384 209

60 401 238 464 seelereiSi
249 403 379 462 censetis
389 402 511 477 fluctus,
521 405 547 462 si
557 416 701 484 pontum,
712 406 738 462 si
748 401 852 464 hiatus
863 418 982 468 vastos:
993 431 1032 472 en
1043 435 1102 494 me,

61 493 203 574 spargite
214 491 246 551 in
257 489 386 565 fluctus,
396 503 495 575 ponto
506 492 695 572 immergite,
706 490 899 551 detruditcin
912 495 1104 564 barathrum.

60 577 180 640 Reddit
195 578 369 638 rationem:
388 599 462 638 nam
479 581 578 660 perire
593 576 739 639 manibus
754 578 918 640 hominum
929 583 1107 663 jucundum

61 682 126 742 est;
142 689 209 726 non
220 667 373 744 ferarum,
390 682 426 727 ut
440 681 514 727 sunt
526 665 688 748 Cyclopes,
705 689 839 750 quorum
851 673 992 751 quotidie
1002 681 1107 738 carni·

61 754 193 814 lisinam
205 757 366 836 opperior:
376 757 478 838 perire
488 753 606 814 malum
616 769 678 830 est3
689 757 743 815 sed
752 755 837 817 aliud
846 758 967 820 scilicet
976 766 1077 844 perire
1088 788 1107 826 a

61 842 144 918 fera,
158 843 246 902 aliud
259 843 297 902 ah
309 843 448 904 homine.
461 845 626 904 Extremus
638 865 745 904 versus
760 845 927 928 dupliciter
939 867 1044 931 potest
1056 877 1107 916 ex-

62 933 142 1012 poni
160 933 319 992 sententia
339 931 551 1013 discrepante,
571 933 625 992 sed
643 953 755 1014 parum
773 933 916 1015 quidem,
931 951 966 998 et
984 962 1054 1022 quae
1074 946 1108 1004 in

63 1017 150 1078 idem
161 1018 275 1080 recidit
286 1041 293 1076 ι
305 1031 410 1100 potest
425 1021 509 1079 enim
521 1019 601 1100 legi:
1024 1025 1027 1030 '
1111 1024 1114 1032 ’

184 1135 220 1194 Si
229 1154 313 1214 pereo
326 1133 460 1196 manibus
472 1133 639 1210 hominum,
651 1137 764 1215 periisse
767 1132 898 1218 juvabit,

61 1219 128 1297 vel,
289 1306 291 1310 Ι
638 1291 640 1296 ,

185 1312 220 1370 Si
229 1331 328 1391 poen,
340 1311 474 1372 manibus
486 1310 637 1372 hominum
649 1313 763 1393 periisse
767 1309 893 1394 juvabit.

99 1426 172 1506 607.
184 1425 245 1482 Vix
257 1444 292 1483 ea
307 1426 441 1501 dixerat,
457 1449 555 1508 quum
566 1429 688 1503 statim,
703 1448 790 1486 more
803 1425 999 1508 supplicum,
1012 1437 1107 1516 coepit

60 1533 166 1594 genua
182 1512 285 1571 AEneae
300 1515 390 1589 (uam
406 1512 444 1572 de
460 1516 555 1574 AEnea
567 1513 740 1595 capiendus
757 1533 858 1572 sermo
872 1515 981 1594 procul
996 1518 1111 1602 dubio)

63 1600 228 1683 amplecti3
247 1598 311 1678 illis¹
323 1601 463 1678 advolvi3
482 1605 546 1662 irno
561 1602 624 1662 illis
637 1605 805 1684 saepissime
817 1601 968 1680 volutari3
988 1628 1022 1667 ac
1036 1631 1109 1671 vero

60 1692 197 1773 propius
218 1687 397 1750 haerescere.
417 1689 534 1752 Suheat
553 1693 678 1767 Lector,
698 1693 816 1752 dictum
833 1713 943 1775 supra,
962 1700 1111 1781 camfletu

60 1778 252 1864 precibusque
265 1777 348 1840 tulit:
359 1801 466 1862 preces
474 1781 540 1860 ja'm
551 1781 682 1856 audisti,
695 1781 773 1857 illis,
782 1803 834 1862 per
841 1781 934 1840 sidera
944 1796 1039 1860 testor,
1050 1803 1110 1848 etc.

61 1871 154 1930 estin
164 1867 240 1928 fletu
251 1891 257 1927 :
272 1870 331 1928 ista
343 1871 426 1930 enim
437 1869 615 1951 supplicum
625 1871 778 1931 volutatio
789 1884 856 1930 tota
866 1869 1110 1952 lacrynrahunda

61 1972 126 2033 est,
141 1971 173 2018 et
185 1971 259 2039 apta
269 1957 307 2017 ad
318 1958 505 2019 eliciendam
516 1959 772 2032 misericordiam.
783 1963 859 2020 Haec
870 1982 968 2042 quum
980 1962 1110 2042 faceret,

62 2050 124 2110 tria
145 2047 185 2106 ab
205 2067 243 2107 eo
260 2061 461 2129 quaeruntur:
483 2051 601 2132 primo,
622 2071 684 2130 qua
703 2051 840 2132 inpane
859 2050 984 2112 Graeciae
1002 2069 1111 2130 natus3

63 2159 139 2198 nam
149 2135 213 2196 hoc
223 2151 282 2213 est,
293 2141 356 2219 quis
365 2141 421 2199 sit?
429 2140 515 2200 Sitne
525 2141 671 2220 Argivus,
682 2138 824 2214 Ithacus,
834 2139 1024 2220 Mycenaeae,
1037 2143 1112 2203 ete?

64 2229 189 2302 nescio,
202 2229 256 2308 qui
268 2225 330 2286 hoc
346 2227 443 2310 aliqui
458 2227 498 2288 ad
510 2250 626 2288 nomen
637 2227 789 2286 referant:
804 2226 933 2303 deinde,
945 2228 1031 2308 quod
1043 2231 1111 2310 ejus

62 2336 182 2398 genus:
199 2316 303 2390 tertio,
317 2336 386 2396 quae
403 2331 468 2375 tam
480 2316 549 2375 dira
562 2316 724 2376 calamitas
739 2314 830 2375 illurn
845 2317 951 2395 agitet.

104 2402 177 2462 610.
190 2401 356 2484 Oppositio
371 2404 403 2461 in
415 2403 561 2463 vocibus:
583 2403 636 2463 dat
640 2400 746 2486 juveni
759 2424 904 2478 manum,
923 2405 996 2486 quia
1010 2421 1111 2487 pater:

63 2489 243 2574 etquidem
262 2511 299 2550 ex
318 2489 431 2552 decoro
448 2513 563 2573 magno
582 2491 744 2552 inducitur
760 2491 907 2552 Anchises
927 2513 1020 2553 senex
1039 2517 1109 2556 cum

62 2583 126 2645 hac
136 2579 331 2640 humanitate
340 2601 411 2661 erga
422 2579 556 2642 hostem.
568 2585 823 2643 Firmatanimum
830 2585 964 2662 presenti
970 2586 1110 2664 piqnore:

64 2669 154 2756 quod
166 2668 228 2732 hoc
242 2669 356 2750 pignus
371 2670 525 2752 praesens?
536 2670 659 2734 dedisse
673 2691 821 2730 manum:
837 2690 912 2728 nam
925 2671 1112 2752 praebitione

64 2780 180 2822 manus
193 2760 374 2819 continetur
386 2762 502 2820 amoris
517 2773 549 2820 et
563 2759 636 2822 fidei
650 2761 776 2840 pignus,

106 2852 177 2910 612.
192 2847 402 2911 Confirmatus
416 2847 586 2930 respondet
600 2847 639 2908 ad
655 2849 803 2929 quaesita:
819 2847 879 2905 tria
893 2843 960 2904 haec
973 2845 1112 2925 fuerant,

66 2940 140 3022 quis
152 2935 250 2996 esset?
270 2959 333 3020 quo
349 2949 434 3000 satus
449 2936 578 3018 genere?
599 2956 661 3018 qua
677 2935 806 2996 fortuna
822 2933 1009 3015 agitaretur?
1026 2939 1114 3012 satis-

64 3027 145 3086 facit
157 3026 276 3106 prim03
289 3045 358 3084 sum
370 3023 513 3100 Ithacus3
525 3045 599 3088 nam
610 3043 713 3084 comes
722 3021 857 3104 Ulyssis,
869 3021 998 3104 ejusque
1006 3023 1113 3102 miles;

65 3117 169 3178 ociter
184 3117 284 3200 aperit
300 3135 416 3174 nomen
433 3135 525 3174 suum
535 3137 543 3173 ¹:
563 3113 712 3176 satisfacit
731 3113 888 3174 secundo:
904 3132 974 3174 sum
987 3115 1112 3192 genitus

65 3225 207 3290 paupere
219 3203 401 3280 Adamast03
414 3206 525 3286 (atque
538 3206 661 3264 utinam
673 3201 781 3265 eadem
794 3222 917 3284 semper
926 3221 1113 3283 perseveras·

103 3357 166 3412 605.
175 3357 300 3431 Sparpite.
308 3359 366 3408 Hoc
375 3370 427 3423 est,
438 3357 570 3410 dilacera·
648 3357 709 3410 610.
728 3355 809 3408 Haud
824 3353 909 3405 multa
924 3363 1045 3405 moratus.
1064 3355 1111 3406 Ni-

67 3454 111 3493 te:
126 3436 244 3508 quodne
254 3435 341 3503 fieret,
351 3435 573 3489 crudelitasfacti*
613 3437 671 3487 mie
683 3435 854 3506 benignitatis
867 3445 921 3497 est,
936 3449 991 3482 non
1004 3449 1112 3504 exspec-

68 3518 207 3588 descripta
221 3527 269 3567 est.
284 3517 354 3568 Seru.
366 3530 392 3567 et
401 3517 497 3566 Donat.
569 3515 572 3528 '
613 3527 669 3566 tare
681 3513 809 3584 plurimas
822 3529 924 3584 preces.
938 3513 1008 3564 Serv.

104 3595 571 3668 608.Quisit,fart'.l’eromniasub·
648 3593 708 3645 613.
732 3591 849 3663 Infelicis
871 3590 950 3642 Ulixi.
977 3592 1111 3658 Quoniam
1147 3603 1149 3608 '

67 3678 312 3744 andnimaina.
327 3671 366 3719 ⁵-
377 3679 437 3729 Fan'
451 3690 477 3729 et
487 3677 570 3747 fateri
615 3671 687 3746 apud
703 3671 793 3722 hostes
809 3670 942 3740 loquitur,
959 3675 1052 3741 quaerit
1068 3674 1111 3724 fa-

67 3759 218 3811 differunt:
232 3757 404 3829 narnfariest
416 3755 570 3826 simpliciter
613 3769 705 3804 vorem
724 3752 780 3820 ejus
798 3751 1009 3822 vituperatione,
1031 3771 1113 3823 quem

69 3835 175 3909 aliquid
191 3835 305 3889 referre:
318 3835 401 3907 fateri
412 3846 499 3886 autem
514 3845 569 3900 est,
615 3833 665 3886 scit
677 3829 740 3881 odio
753 3847 809 3882 esse
821 3830 952 3900 Trojanis.
964 3832 1033 3883 Serv.

69 3935 103 3968 ex
118 3915 292 3980 necessitate,
312 3932 371 3984 quae
388 3925 489 3967 secreto
509 3931 571 3970 con·
650 3909 710 3962 615.
723 3909 847 3981 Paupere.
857 3909 940 3975 Nam,
950 3923 979 3961 ut
988 3913 1067 3964 etiam
1077 3911 1110 3964 de

69 3996 194 4068 tingunt,
205 3989 360 4066 publicare.¹
616 3991 712 4044 Sinone
720 3989 832 4043 diximus
839 3987 1047 4066 ,'apudmajores
1054 3991 1109 4048 11111

142 4081 170 4136 6.
904 4078 936 4144 14
