2700 4586
352 315 403 378 iu
427 311 661 378 sumnus
683 306 776 377 nin.
801 315 826 378 1.
993 282 996 298 ’
1063 315 1105 404 89

106 437 333 518 731.Sequitur
340 436 441 496 oratio
449 434 488 495 ad
495 425 605 494 Jovem
612 433 820 515 Hospitalem,
828 433 1107 515 qnapctitllcgina,

67 540 104 586 ut
119 527 186 586 dies
206 525 260 586 ille
276 525 455 585 latissimus
470 526 509 584 sit
523 523 666 604 Trojanis
683 537 713 584 et
726 525 849 583 Poenis:
869 522 936 582 vult
947 523 1055 596 etiam,
1072 535 1109 582 ut
1157 525 1161 532 ¹

68 617 207 689 minores,
222 615 256 676 id
268 629 328 689 est,
339 615 459 696 posteri
472 613 680 694 Trojanorum
692 625 722 672 et
733 613 900 673 Poenorum
909 611 1110 671 meminerint

68 702 128 764 diei
143 704 244 780 illius,
261 707 295 764 in
314 726 378 787 quo
392 704 521 765 fortasse
535 701 648 764 alludit
662 703 701 762 ad
716 701 848 778 foedera,
865 723 935 785 quae
946 703 1035 762 toties
1047 702 1110 760 icta

69 793 150 852 inter
158 793 325 872 {Romanos
342 796 443 854 AEneoe
459 806 617 875 posteros,
633 805 663 852 ct
679 791 944 874 Carthaginienses
957 788 1108 852 Didonis:

69 877 121 937 sed
134 889 193 939 cur
206 880 259 940 hic
275 883 384 961 Tyriis,
406 901 470 941 non
483 882 603 954 Poenis,
620 891 674 939 aut
685 879 789 939 aliud?
804 893 841 940 ut
854 879 913 939 sibi
927 877 1034 952 credo,
1048 897 1111 937 res-

68 967 221 1043 pondeat,
240 969 329 1048 quasi
342 967 440 1042 dicat,
459 966 608 1049 profectis
619 963 728 1048 Troja,
746 967 894 1048 profectis
904 969 1005 1048 Tyro:
1025 975 1110 1023 amat

68 1053 153 1112 enim
164 1053 278 1116 Noster
289 1057 548 1116 concinnitatem:
562 1068 711 1137 praeterea
723 1057 768 1114 ait
780 1055 915 1136 profectis
929 1051 1029 1136 Troju,
1044 1071 1111 1110 non

69 1141 227 1222 profugis,
247 1156 282 1203 ut
293 1143 453 1223 consulat,
472 1147 516 1206 ait
530 1147 668 1218 Servius,
688 1144 792 1206 decori
804 1143 1020 1226 Trojanorum.
1038 1143 1112 1200 Mox

69 1229 152 1292 Dido
161 1232 434 1309 vocatBaccbum,
445 1250 476 1295 et
485 1237 644 1296 lunonem'
652 1247 821 1316 utrumque
831 1254 847 1296 e
857 1254 905 1294 re:
918 1233 984 1292 vini
994 1233 1111 1305 Deum,

72 1320 144 1398 quia
159 1321 204 1382 ‚in
228 1321 387 1381 convivali
405 1321 531 1382 laetitia:
549 1326 724 1400 lunonem,
745 1337 812 1384 tum
828 1325 904 1406 quia
922 1321 988 1382 haee
1003 1339 1114 1402 praeses

70 1407 285 1490 Carthaginis3
296 1421 364 1472 tum
377 1412 451 1493 quia
460 1431 571 1493 praeses
580 1411 745 1486 lectorum3
761 1412 836 1473 inde
845 1408 1013 1472 commodo
1023 1429 1115 1488 argu·

70 1509 174 1558 mento
189 1498 251 1559 dici
269 1513 385 1581 potest,
404 1499 492 1560 illam
509 1499 641 1560 aliarum
656 1522 781 1583 quoque
799 1501 996 1584 voluptatum
1013 1512 1045 1558 et
1062 1496 1113 1556 de-

72 1581 278 1647 lectationum
291 1608 353 1648 esse
364 1587 537 1670 presidem.
550 1591 614 1649 Cur
625 1590 643 1648 J
646 1611 709 1650 uno
721 1591 845 1651 dicatur
857 1589 932 1650 bona
937 1632 947 1662 ,
963 1586 1065 1646 dicam
1079 1586 1113 1645 in

71 1671 175 1732 Notis:
189 1672 318 1734 demum
327 1676 411 1736 Dido
422 1676 511 1736 esuis
522 1677 614 1757 petit,
625 1691 662 1736 ut
669 1676 776 1738 favore
785 1687 1027 1759 prosequantur,
1039 1670 1115 1733 ccle-

72 1755 226 1842 brcntque
236 1775 353 1822 coetum
364 1762 574 1842 Trojanorum
587 1762 760 1846 hospitum.

109 1850 178 1931 736.
196 1850 302 1912 uitare
314 1853 345 1912 in
359 1873 472 1926 mensa,
489 1863 549 1927 est,
567 1851 686 1932 aliquid
698 1856 764 1914 vini
779 1865 914 1936 epatera
929 1853 963 1911 in
975 1869 1114 1910 mensam

73 1938 253 2000 effundere:
270 1961 346 2002 nam
361 1941 446 2023 apud
460 1955 579 2000 veteres
592 1961 700 2002 mensa
712 1963 759 2004 res
771 1944 916 2024 quedam
931 1960 1017 2002 sacra
1035 1936 1116 1998 suite

73 2041 145 2088 sunt
158 2031 215 2110 qui
225 2028 279 2090 liic
290 2033 322 2090 in
331 2051 460 2091 mensam
470 2029 590 2110 legant,
602 2052 667 2092 non
677 2032 806 2092 absone:
822 2031 983 2094 bonorvox
992 2041 1040 2088 est
1049 2048 1117 2109 per-

72 2118 174 2178 tinens
190 2116 238 2176 ad'
250 2139 349 2194 sacra3
369 2139 443 2200 ergo
461 2117 555 2180 bonor
573 2117 690 2180 laticum
696 2165 706 2194 ,
726 2135 773 2180 est
789 2140 910 2181 merum
921 2123 1115 2200 assumptum

8 2255 9 2260 ,
73 2201 110 2262 ad
123 2201 312 2266 libationem
324 2207 428 2266 louis:
441 2225 517 2266 nam
529 2203 606 2268 latex
617 2209 720 2287 signat
732 2206 887 2289 quidquid
901 2205 981 2266 fluit.

8 2293 9 2300 ’
108 2291 179 2372 737.
192 2292 266 2354 Post
276 2292 425 2369 libatum,
441 2292 551 2369 idest,
567 2308 639 2376 post
650 2295 786 2356 effusum
798 2293 919 2378 aliquid
931 2295 962 2352 in
978 2309 1117 2352 mensam

73 2391 222 2460 epatera,
234 2382 300 2466 ipsa
314 2385 573 2464 primoomnium
587 2389 711 2446 summo
723 2405 777 2446 ore
788 2386 906 2466 attigit,
922 2380 955 2442 i'd
969 2393 1029 2455 est,
1041 2377 1116 2440 deli·

73 2463 158 2526 bavit
168 2467 309 2545 tantuin,
322 2491 389 2532 non
400 2471 550 2550 gustavit,
568 2492 625 2534 nec
638 2471 731 2536 bibit.
750 2473 798 2534 ln
810 2471 863 2532 bic
879 2483 960 2534 tenus
970 2467 1118 2552 praeposi·

110 2589 169 2659 731.
182 2591 313 2664 luppiter.
326 2595 413 2668 Rogat
424 2597 534 2665 lovem,
547 2610 573 2650 et
618 2599 697 2666 Arte,
710 2601 757 2653 lib.
769 2600 814 2652 lll.
831 2597 876 2649 «0
887 2597 937 2664 ita,
951 2593 1049 2645 Phoebe
1059 2591 1118 2642 VE-

75 2671 129 2739 ejus
143 2673 270 2724 vineatam
283 2687 390 2743 nouat,
408 2689 439 2728 ut
450 2677 575 2732 ostendat
618 2674 901 2744 Llsnlbivius,lib.l
914 2697 921 2726 ι
935 2674 1051 2724 «Pacem
1059 2687 1120 2740 pre·
1202 2687 1203 2692 ’

75 2749 154 2819 Pl²¹¹0
174 2763 241 2802 ’0ῑο
264 2753 395 2823 trojanos
420 2759 573 2828 excepisse,
619 2761 695 2812 cibus
717 2773 883 2830 exposcunt,
904 2753 963 2804 U'l’l
985 2745 1118 2802 VOLENS

77 2844 156 2900 quan
170 2831 267 2882 initam
285 2835 440 2887 societatem
456 2838 575 2888 testimo·
618 2838 794 2890 PROPlTlUS
829 2832 923 2886 SUAM
960 2827 1118 2882 SOSPITET

76 2911 119 2961 nio
135 2912 283 2984 Hospitalis
294 2915 368 2966 lovis
382 2915 528 2968 confirmet.
539 2942 575 2956 -
618 2917 850 2970 mmmmm„
923 2936 926 2945 ι

77 2991 223 3063 Hospititus
240 3010 304 3044 nam
322 3005 346 3046 te
361 2996 507 3070 darejura,
524 3007 573 3049 eto.
655 2997 715 3066 734.
729 2995 851 3051 Bacchus.
867 2993 980 3054 Vinum,
995 2989 1051 3042 sine
1064 3003 1117 3058 quo

76 3069 169 3123 ⁰f²⁸l⁰
178 3073 249 3126 bene
257 3075 415 3135 minantis:
426 3075 521 3128 alludit
528 3094 576 3128 su·
620 3079 711 3130 laetitia
717 3079 745 3129 in
753 3075 881 3130 conviviis
891 3084 1010 3125 essenon
1020 3078 1118 3140 potest.

76 3161 127 3202 tem
139 3151 175 3204 sd
185 3153 261 3204 Jovis
276 3172 438 3229 cognomen,
451 3153 528 3207 xenii
541 3157 577 3208 si·
619 3157 689 3210 Nam
706 3159 728 3209 si
747 3155 809 3210 abbi
829 3167 869 3208 est
886 3151 1022 3213 Bacchus,
1039 3159 1066 3200 et
1084 3143 1120 3197 sd‘

77 3247 108 3282 ’θ
121 3231 273 3303 Ηθφίωϋῖ·
303 3262 306 3268 ’
404 3245 406 3254 ’
621 3239 728 3310 culpam
740 3251 835 3288 causas
850 3227 983 3286 dediuid
998 3244 1052 3278 non
1064 3224 1120 3276 vini

110 3309 169 3380 ⁷³²·
185 3311 322 3385 Tyriique
332 3313 410 3366 dion·
425 3315 506 3388 Atqui
522 3333 576 3368 nox
619 3319 714 3370 unum
732 3328 788 3381 εει,
808 3312 855 3365 ses
870 3309 986 3364 hominis
998 3306 1061 3355 vino
1079 3303 1119 3354 un

77 3403 146 3452 “³⁸3
164 3390 213 3443 ⁵²⁸¹
229 3409 279 3462 Per
297 3391 368 3445 diem
385 3395 530 3466 accipimus
549 3409 576 3449 et
620 3395 891 3450 nescientis-Bona
902 3390 981 3440 Iano.
992 3386 1061 3436 Nam
1069 3401 1119 3435 no-

76 3481 199 3522 mem:
213 3481 240 3521 et
252 3471 361 3542 quidam
370 3471 465 3525 volunt
473 3491 576 3528 mascu-
620 3489 660 3528 tat
671 3476 744 3528 illam
756 3473 891 3525 inimicam
901 3467 1024 3535 Trojanis
1036 3485 1042 3515 :
1056 3481 1119 3536 ergo

77 3546 121 3600 lini
132 3543 239 3622 generis
254 3549 325 3604 diem
336 3553 432 3604 Momm
447 3549 578 3628 significa·
621 3567 651 3606 nt
661 3556 695 3606 sit
703 3554 776 3605 bona
785 3563 812 3603 et
820 3545 960 3600 benevola.
971 3545 1067 3596 Donat.
1077 3542 1119 3595 Sic

77 3630 282 3697 mmmm,
294 3631 486 3685 malum.Serv.
623 3633 696 3708 apud
705 3633 755 3685 ΕΙ.
767 3627 903 3702 Lamprid.
916 3623 1119 3679 invitabnton.

109 3704 170 3776 733.
190 3709 252 3760 Esse
265 3708 335 3762 velis.
358 3709 510 3764 Secundum
526 3714 578 3766 lle·
626 3701 687 3768 «dil
696 3714 782 3766 faxint
791 3723 816 3764 et
827 3711 901 3763 bona
911 3709 981 3760 Juno
994 3729 1005 3754 n
1019 3729 1025 3756 :
1040 3721 1120 3775 quam

75 3797 193 3839 mcum
211 3785 381 3860 disciplinam
402 3791 507 3843 locutus
528 3803 575 3845 ett-
619 3789 740 3861 pupibus,
753 3789 865 3861 musali,
876 3783 972 3844 &simili
983 3785 1067 3837 Graeoi
1078 3784 1123 3853 ap'-

76 3863 116 3916 Sic
128 3866 202 3918 ⁰le
211 3865 319 3932 ‘fimi
330 3869 431 3933 volens,
442 3870 580 3941 propitius·
622 3865 740 3938 pellant,
752 3875 782 3914 ut
791 3861 908 3916 Macrob.
923 3860 975 3923 lll,
988 3856 1013 3922 l.

75 3961 125 4013 'lu‘
134 3944 175 3996 ⁸1⁸⁸·
184 3943 225 3996 ld·
234 3943 348 3998 Plinius:
360 3948 452 4000 stos
460 3961 522 4001 ante
531 3950 578 4002 ob·
657 3944 719 4013 737.
730 3943 828 3994 Prima.
844 3940 894 3994 Vel
905 3940 969 4011 quia
981 3939 1040 4006 ipsa
1053 3931 1119 3984 liba·

78 4033 224 4093 ¹⁸⁸¹³¹¹¹¹¹Pi
232 4023 279 4076 UT
288 4025 422 4082 ἿΕΒΙΝΤ,
432 4051 443 4078 ι
453 4027 532 4082 ovid.
543 4027 578 4084 ds
622 4024 683 4092 bat,
694 4021 737 4077 vel
747 4025 809 4096 quia
820 4023 910 4094 potior
917 4015 1039 4071 omnibus
1051 4011 1115 4074 fuit,
