2692 4594
330 332 381 394 ru
405 329 639 394 anninus
662 331 755 395 nra.
780 334 829 396 11.
1038 341 1096 420 145

94 456 167 531 tot.
180 453 255 513 Post
265 449 347 512 hane
361 471 465 512 rerum
478 450 712 533 cogitationem,
725 447 833 512 AEneas
847 454 955 514 oculos
968 457 1103 519 circum-

55 545 141 623 jieit,
165 553 200 602 ut
220 541 339 616 videat,
362 541 417 622 qu'i
437 540 494 600 sibi
516 543 679 600 comitatus
702 559 738 599 ex
757 537 899 602 conferto
919 543 974 603 illo
992 544 1103 626 glob0,

60 630 146 712 cujus
166 651 200 690 se
223 630 334 690 ducem
353 626 547 710 praebuerat:
567 629 653 688 videt
671 649 735 688 sese
750 627 908 690 desertum
926 651 944 690 a
963 635 1024 692 suis
1038 633 1104 714 jam

61 719 163 794 fessis,
175 719 231 800 qui
241 717 441 799 desperantes
452 715 490 775 de
501 719 647 792 victoria,
658 721 751 777 aut'se
761 719 935 802 praecipites
946 719 1105 797 dederant,

60 821 112 867 aut
126 807 260 888 propria
277 824 408 886 corpora
425 804 617 864 tradiderant
633 803 777 865 flammis.
794 805 916 888 Duplex
933 805 1006 867 hinc
1022 813 1106 868 com-

61 895 223 972 mendatio
235 897 390 954 exoritur:
406 895 494 976 prior
509 895 541 953 in
558 895 701 969 AEneam,
721 895 852 976 quinon
869 897 953 976 prius
967 919 1106 978 pugnam

59 986 209 1058 deseruit,
221 985 317 1065 qu'am
332 1003 349 1042 a
360 985 423 1043 suis
435 985 502 1065 ipse
514 981 706 1043 desereretur
716 1005 722 1040 ε
733 984 888 1063 posterior
896 985 930 1042 in
939 977 1110 1065 Trojanos]

60 1076 112 1156 qui
125 1075 208 1133 mori
221 1074 280 1155 ipsi
293 1071 414 1132 fortiter
426 1071 619 1146 maluerunt,
635 1087 665 1132 et
674 1067 847 1152 glaciosum
860 1070 956 1131 linem
966 1089 1107 1135 antever-

60 1179 136 1238 tere,
151 1183 248 1243 quam
264 1159 322 1221 sub
336 1161 475 1222 hostium
488 1174 638 1243 potestate
652 1163 764 1220 vivere.
785 1159 901 1220 Similis
914 1159 1108 1224 fortitudinis

61 1249 418 1331 redundant'exem'pla:
438 1251 604 1331 Saguntini
622 1243 779 1332 plerique,
802 1247 887 1330 apud
904 1251 1030 1310 Livium
1053 1252 1108 1312 lib.

61 1342 144 1413 XXI,
158 1359 191 1397 se
204 1339 359 1418 iti'ig'rierr'i
373 1339 581 1423 praecipitant.

97 1426 168 1508 567.
188 1425 231 1485 Ut
248 1427 357 1486 AEneas'
377 1441 409 1486 se
426 1435 527 1486 unum
547 1427 746 1507 superstitem
762 1425 861 1502 videt,
880 1447 994 1502 errare,
1018 1439 1110 1510 atque

61 1513 175 1575 oculos
188 1514 223 1572 in
238 1513 504 1595 oin'nem'part'em'
520 1515 616 1595 coepit
631 1526 826 1589 convertere,
848 1534 882 1572 ac
896 1528 964 1573 tum
980 1515 1111 1576 fortasse

63 1602 215 1664 Helenam
232 1602 437 1684 prodentibus
450 1601 588 1661 'flammis
605 1593 740 1684 aspexit,
760 1623 828 1683 quae
843 1617 927 1662 metu
941 1603 1056 1686 pavida
1072 1605 1111 1664 ad

63 1695 161 1753 Vestae
175 1689 331 1772 templum
343 1689 541 1771 confugerat,
556 1690 663 1780 ibique
676 1691 709 1750 in
724 1704 839 1754 secreto
851 1690 978 1752 latebat.
1151 1740 1154 1750 ,

100 1783 170 1862 569.
187 1779 325 1840 Adhibet
341 1782 493 1857 rationes,
512 1799 568 1840 cur
584 1781 703 1842 Helena
720 1801 751 1840 se
766 1781 949 1857 abdidisset,
970 1796 1001 1842 et
1014 1767 1112 1864 prop⁸e

63 1881 146 1945 aras',
171 1868 213 1929 ad
236 1867 444 1950 confugium:
467 1867 627 1930 metuebat
648 1865 795 1930 videlicet
814 1872 965 1952 TeucroS,
986 1875 1114 1954 propter

61 1964 201 2018 eversam
213 1957 338 2031 urbem3
353 1953 495 2033 Danaos,
507 1953 636 2040 propter
649 1957 746 2032 mala,
763 1976 831 2039 quae
846 1972 949 2018 secuta
962 1973 1035 2018 sunt
1047 1959 1113 2038 ejus

62 2050 194 2130 epatria
210 2045 333 2129 fugam3
348 2043 496 2108 interlios
506 2045 704 2130 summopere
716 2037 908 2122 Menelaum,
923 2037 1018 2128 quem
1030 2048 1114 2106 dese-

64 2145 183 2211 ruerat3
203 2134 310 2212 illecta
329 2139 437 2196 amore
454 2132 593 2196 Paridis:
614 2133 779 2216 conjugem
796 2137 930 2196 servavit
948 2133 987 2194 ad
1008 2135 1114 2194 locum

62 2229 252 2299 extreiii'um,
272 2223 312 2283 ad
331 2223 561 2285 incrementum
580 2221 747 2298 orationis3
768 2215 843 2306 nam
863 2225 957 2306 qu'em
976 2215 1030 2280 illa
1050 2243 1113 2304 prae

63 2311 117 2371 illo
129 2311 274 2371 timeret?
285 2309 367 2392 Ergo
383 2311 445 2372 hoc
460 2327 545 2372 metu
558 2307 784 2392 trojanorum,
797 2303 993 2386 Gr‘aeeorum,
1008 2311 1111 2369 Mene-

65 2399 119 2476 lai,
134 2403 203 2460 se'se
215 2399 393 2477 abdiderat,
405 2403 596 2484 perieratque
609 2401 799 2483 confugium
807 2421 976 2462 sacrorum.

104 2490 174 2572 575.
183 2489 418 2550 Dicitaestuasse
427 2511 459 2549 se
467 2491 615 2551 incendio
624 2493 755 2552 irarum:
768 2489 1112 2574 ratioduplex3prima,

65 2593 100 2637 ut
112 2581 251 2662 patriam
266 2579 453 2639 ulciscatur:
467 2581 578 2656 altera,
592 2595 629 2641 ut
640 2577 758 2640 Helena
768 2585 877 2662 poenas
887 2577 952 2652 det,
965 2577 1114 2638 sceleratus

62 2684 177 2745 poenus,
193 2665 299 2742 idest,
313 2673 421 2748 poenas
437 2665 474 2727 de
488 2668 643 2729 scelerata.

104 2755 172 2838 577.
189 2755 327 2834 Sequens
340 2757 439 2815 oratio
454 2769 565 2816 aestuat
576 2757 673 2816 variis
687 2750 854 2814 affectibus
869 2753 985 2828 AEneae‚
999 2753 1052 2830 qui
1067 2771 1113 2809 se-

63 2855 137 2901 cum
152 2843 313 2923 loquitur,
332 2859 482 2926 tanquam
495 2845 693 2920 cum‘altero,
708 2837 843 2925 quadam
858 2853 1114 2921 argumentorum

66 2930 292 2992 vicissitudine.
308 2934 364 2993 His
381 2948 519 3016 quatuor
530 2934 668 2994 versibus
681 2933 860 2992 continetur
873 2927 1007 2988 felicitas
1022 2926 1114 2986 Hele·

65 3038 133 3094 nae,
150 3037 216 3100 qua
236 3019 301 3100 ipse
322 3019 361 3080 ad
379 3021 553 3086 vindictam
572 3023 712 3083 acuitur:
733 3018 793 3080 fuit
811 3018 930 3080 Helena
950 3019 1113 3099 Spartana,

64 3108 228 3169 Menelaus
243 3106 358 3190 conjux
369 3112 560 3193 Mycenaeus,
573 3112 642 3174 ideo
655 3124 822 3193 utramque
838 3107 946 3170 urbem
958 3104 1113 3188 apposuit.

65 3197 131 3255 Cur
142 3197 287 3278 aspiciet,
301 3199 419 3279 iuquit,
431 3202 587 3283 Spartam,
600 3215 631 3262 et
642 3202 790 3284 Mycenas
802 3219 876 3259 cum
889 3191 1115 3274 triumphalia

64 3282 127 3346 hoc
140 3284 257 3346 alludit
271 3287 312 3346 ad
323 3289 481 3352 Romanos
493 3290 692 3373 triumphos:
710 3309 767 3350 cur
780 3286 938 3349 famulitio
953 3281 1113 3362 Phrygum

102 3436 164 3490 565.
187 3440 324 3492 Deseruere
346 3459 440 3496 omnes.
466 3446 570 3498 Defessi
614 3462 663 3508 ro,
683 3461 750 3514 quos
765 3438 883 3498 -AEnaida
904 3439 980 3506 jussu
1000 3433 1113 3505 Augusti

63 3513 178 3584 dolore,
191 3537 244 3570 vox
258 3538 314 3572 non
328 3525 519 3576 accusationis:
532 3525 569 3576 sie
615 3523 770 3579 emendasse
782 3530 907 3572 constans
921 3517 994 3568 fama
1005 3525 1058 3577 est,
1073 3530 1114 3564 re-

64 3597 178 3652 enimse
191 3613 306 3671 purgat,
321 3614 351 3652 ut
363 3602 430 3664 alios
442 3621 497 3659 nou
511 3604 570 3656 cul'·
611 3605 706 3672 jocos.
725 3598 793 3652 Vide
810 3599 871 3650 Vat.
888 3596 960 3649 Lect.
978 3608 1003 3646 et
1018 3605 1112 3658 nom,

61 3687 129 3746 P01²
143 3675 260 3756 dicendo
274 3692 363 3738 autem
375 3682 477 3753 defessi,
491 3685 571 3736 etiam
614 3682 668 3734 vol.
681 3683 719 3746 11,
735 3697 797 3750 pag.
816 3678 882 3746 278;
897 3674 1114 3729 videetiamrEi'-

64 3755 129 3806 illos
151 3770 278 3826 excusat,
297 3761 429 3831 aquibus
450 3760 569 3814 desertus
615 3779 722 3814 cursum
740 3759 804 3822 xit,
827 3753 977 3810 derlfelenu
996 3763 1109 3824 recepta,

61 3847 117 3886 eet.
131 3835 201 3887 Serv.
548 3879 551 3888 .
614 3834 828 3910 ibidpagvdffl·
1111 3903 1113 3906 Ι

105 3912 169 3984 567.
186 3915 300 3988 Jamque
319 3918 399 3984 adeo,
418 3930 467 3970 etc.
489 3917 570 3984 Sunt,
651 3917 710 3988 573.
730 3917 812 3987 ijae
826 3923 853 3964 et
863 3913 956 3983 patric
969 3910 1113 3968 communit

65 3994 119 4063 qui
142 4008 283 4064 sequentes
300 3998 372 4048 xxii
389 4015 480 4050 versus
494 4000 573 4050 omit·
615 3999 737 4067 Erinnys.
750 3994 848 4058 idest,
862 3989 1110 4042 fctulisctlamita³=

65 4083 149 4140 tant,
161 4085 218 4126 uta
233 4075 318 4127 Plotio
330 4076 432 4143 Tucca,
448 4089 473 4128 et
482 4079 511 4129 L.
520 4078 573 4129 Va·
616 4078 668 4130 hoe
683 4074 868 4148 emphaticam.
883 4069 979 4139 Scalig.
994 4069 1038 4130 tv,
1054 4068 1092 4118 16.

143 4160 172 4211 6.
498 4193 501 4198 -
906 4173 938 4210 ro
