2692 4594
256 345 318 424 242
398 321 404 338 ‘
503 329 505 334 ·
583 333 966 402 continuarum

247 460 412 536 Diomede,
427 459 540 520 iterum
554 459 593 518 ab
606 456 740 533 Achille,
755 470 792 518 ut
805 478 890 518 nnnc
903 456 1064 540 indulgeat
1075 457 1302 542 voluptatibus.

288 567 357 626 229.
372 549 439 606 Imo
454 546 613 628 promisit,
628 545 719 605 illum
731 543 800 604 fore
811 542 920 620 talem,
933 547 985 627 qui
996 545 1238 628 raperetltolinm
1251 551 1302 606 ins-

247 638 332 717 periis
344 634 509 716 providam,
521 636 693 717 frementem
708 631 803 694 dello:
818 634 873 714 qui
889 633 1037 716 grandius
1055 648 1162 717 posset
1179 636 1301 696 laudari

249 722 358 784 ltalia?
372 721 426 784 illa
440 741 551 806 parens
567 721 629 782 fnit
645 722 888 803 lmpcratornm3
901 723 972 782 ideo
988 723 1143 804 providum
1157 726 1301 806 impm'r's:

246 827 277 872 et
288 811 540 886 bellicosissima,
552 809 624 872 ideo
638 807 713 870 bello
719 811 905 894 fmrentem.
920 813 980 870 Hic
992 823 1099 893 partus
1111 811 1302 872 imminebat

243 901 309 982 jam
326 915 497 984 etemporo
516 903 612 983 ipsius
624 901 745 974 AEnere,
760 897 847 981 enjus
861 897 912 960 hie
928 913 973 960 est
985 901 1108 962 occulta
1121 900 1209 962 laus:
1224 923 1301 961 nam

246 989 285 1050 ad
300 1009 415 1071 magna
429 991 499 1070 qui,
512 989 572 1049 nisi
587 986 715 1068 magni?
732 988 856 1068 Pergit:
875 989 1023 1069 promisit
1036 989 1133 1049 talem
1150 989 1237 1064 fore,
1249 991 1301 1071 qui

243 1075 386 1159 proderet,
400 1075 502 1150 idest,
516 1086 703 1158 propagaret
715 1095 807 1156 penus
818 1087 925 1136 ortum
937 1073 976 1136 ab
986 1073 1047 1136 alto
1063 1079 1171 1138 Teucri
1180 1078 1300 1158 sanqui-

244 1187 297 1226 ne:
311 1163 452 1243 demum,
466 1168 518 1248 qui
534 1167 658 1226 mitteret
672 1161 769 1224 orbem
785 1177 877 1226 totum
889 1163 941 1228 sod
959 1162 1043 1248 lepes-
1059 1168 1246 1248 Respectans
1259 1164 1299 1224 ad

243 1257 376 1337 Augusti
389 1257 557 1336 imperium
571 1267 649 1316 tecta
664 1253 800 1335 quadam
813 1254 1004 1316 adulatione.

284 1346 352 1406 232.
372 1347 403 1407 Si
422 1347 486 1428 ipse
504 1344 594 1410 nulla
610 1344 712 1426 gloria
726 1343 958 1421 inflammatur,
974 1365 1031 1405 nec
1045 1355 1137 1426 putat
1154 1343 1193 1404 de
1207 1344 1300 1404 laude

243 1452 298 1491 sua
313 1433 537 1509 laborandum,
550 1454 608 1493 cur
616 1444 705 1514 pater
715 1430 782 1492 filio
795 1445 929 1516 segetem
940 1433 1050 1514 gloriae
1061 1433 1197 1494 adimit?
1207 1432 1301 1514 plena

244 1523 353 1582 omnis
368 1520 575 1604 emphaseon:
592 1520 724 1584 debetne
740 1533 829 1602 pater
844 1521 984 1584 invidere
997 1523 1065 1584 filio
1083 1544 1168 1584 arces
1185 1525 1301 1583 Roma-

242 1609 318 1670 nas?
328 1609 365 1668 ln
375 1607 424 1668 his
435 1607 599 1672 Turnebus
612 1610 734 1672 invenit
745 1608 913 1672 artificium
922 1609 1081 1692 singulare
1094 1609 1135 1670 ad
1149 1609 1303 1670 adulatio·

243 1719 316 1771 nem
326 1698 534 1778 excogitatum
547 1722 554 1760 1
566 1701 654 1781 quasi
664 1719 731 1760 non
742 1710 806 1760 tem
818 1698 1125 1780 AEoeoesignilioetur
1136 1699 1234 1780 quaeri
1246 1699 1301 1757 lta-

242 1787 334 1860 liam,
349 1807 445 1867 quom
458 1786 544 1862 Iulo,
558 1809 593 1848 ac
607 1787 738 1869 perinde
750 1787 878 1850 familiae
892 1787 1063 1852 Juliorum.

283 1875 484 1938 1351111111
502 1877 561 1938 sibi
581 1876 656 1938 mali
676 1876 799 1956 aliquid
818 1875 954 1936 struere?
975 1896 1032 1936 cur
1051 1896 1115 1936 esse
1132 1875 1203 1934 vult
1219 1877 1300 1934 inter

242 1963 366 2025 hostes?
378 1969 456 2046 quin
469 1967 575 2047 potius
589 1977 689 2046 speret
700 1963 840 2041 ltaliam,
855 1966 1032 2046 aspiretque
1044 1963 1085 2024 ad
1103 1963 1210 2024 illam:
1224 1964 1300 2024 dicit

242 2054 303 2115 hoc
315 2056 474 2136 luppiter,
493 2073 715 2135 preoccupans
728 2051 850 2116 futurus
864 2055 1044 2115 inimicitias
1064 2056 1148 2116 inter
1165 2055 1296 2114 Romam

241 2155 271 2203 et
285 2141 516 2221 Carthaginem.

283 2231 350 2312 237.
365 2232 502 2310 Novipet.
520 2229 595 2290 Haec
613 2246 735 2288 summe
749 2225 904 2303 mandati,
926 2240 957 2288 et
976 2227 1101 2311 prolata
1118 2247 1193 2290 cnm
1211 2229 1296 2310 gravi

242 2319 390 2398 imperio,
407 2334 509 2395 oeque
523 2314 640 2394 absque
651 2326 728 2376 nota
739 2314 920 2378 iracundia.

166 2429 171 2442 ·
282 2404 351 2466 238.
363 2402 459 2462 lnitio
477 2415 607 2480 apparet
623 2405 718 2481 πρίων
732 2421 768 2460 ex
781 2397 958 2462 obedientia
975 2399 1136 2462 inferioris
1153 2403 1294 2462 Numinis

242 2486 281 2547 ad
294 2489 444 2569 superins.
461 2484 549 2548 Nihil
562 2487 647 2550 enim
660 2487 827 2568 respondet
839 2487 1026 2561 Mercurium
1040 2491 1181 2560 orationi
1193 2502 1294 2570 paret,

241 2591 279 2640 ut
294 2597 305 2638 1
320 2576 388 2638 AEn.
405 2577 476 2656 1893
490 2578 580 2639 Post
588 2575 685 2638 Amor
696 2575 779 2640 dietis
790 2577 887 2642 elram
898 2577 1055 2658 91111111σί1.
1070 2577 1129 2636 Sed
1140 2579 1197 2659 qui
1208 2599 1294 2660 appa-

241 2675 325 2724 ratus
340 2662 381 2724 nd
397 2659 476 2724 iteri
490 2661 611 2726 Talaria
631 2663 665 2729 in
681 2662 829 2746 pedibus,
848 2665 937 2745 virga
954 2664 990 2729 in
1004 2683 1114 2728 monn.
1133 2664 1193 2726 llla
1208 2683 1293 2725 aurea

241 2763 329 2829 sunt,
347 2761 538 2833 portantque
556 2749 648 2810 illum
668 2749 835 2810 sublimem
854 2749 948 2833 supra
966 2770 1110 2832 aequora,
1129 2771 1225 2834 supra
1242 2765 1293 2810 ter·
1315 2793 1316 2799 .

240 2861 322 2916 raus,
335 2859 483 2902 unacum
496 2843 609 2914 ventis,
624 2841 699 2920 quia
710 2839 853 2901 videlicet
863 2841 1035 2908 Mercurius
1045 2863 1113 2904 non
1126 2841 1231 2902 solum
1245 2840 1290 2900 for·
1313 2847 1315 2911 ς

240 2929 458 3004 torcularibus,
468 2929 520 2990 sed
531 2931 625 2990 etiarn
634 2940 800 2990 ventorum
811 2929 944 2992 flatibus.
954 2931 1058 3012 Virgae
1068 2933 1200 2992 virtutes
1208 2933 1290 3014 quin·
1311 2935 1313 3023 1

240 3035 300 3097 que
315 3027 540 3078 connumerat:
559 3030 634 3076 sunt
647 3015 728 3078 illae:
743 3019 917 3078 Mercurius
930 3014 989 3076 hac
1004 3021 1122 3078 animos
1139 3019 1217 3078 Orco
1234 3032 1289 3074 evo
1310 3043 1311 3079 1

240 3181 329 3222 antem
340 3168 516 3232 auxiliamur,
531 3168 609 3236 quasi
625 3186 681 3219 rem
692 3187 741 3240 per
786 3169 888 3221 Latinis
908 3168 1020 3232 talaria,
1045 3165 1121 3239 qnod
1144 3168 1216 3219 talis.
1236 3164 1286 3218 Val.

239 3264 267 3301 se
280 3248 421 3300 infirmam.
786 3249 874 3300 Flacc.
889 3247 937 3300 lib.
950 3249 978 3313 l,
990 3252 1131 3310 nominat,
1145 3247 1285 3319 plantaria,

274 3328 335 3395 134.
358 3325 513 3378 Ascanione.
537 3325 648 3395 Propter
674 3327 740 3380 illud
786 3346 868 3398 quum
887 3328 939 3392 ait,
953 3327 1048 3378 «Aerii
1064 3327 1206 3402 plantaria
1218 3325 1286 3378 vellet

240 3405 314 3475 quod
323 3405 479 3472 frequenter
487 3401 617 3470 diximus,
628 3407 680 3478 ipsi
691 3410 740 3460 im·
782 3409 929 3460 Perseos.»
949 3408 1042 3478 Papin.
1064 3429 1076 3453 ε
1093 3407 1160 3460 Alos
1186 3408 1284 3480 planta·

238 3483 344 3553 perium
365 3481 480 3533 deberi:
499 3481 560 3535 ideo
576 3497 665 3538 autem
685 3485 738 3539 hoo
783 3507 858 3541 res·
879 3490 1029 3542 Mercurius
1043 3488 1155 3541 Catullo
1172 3490 1284 3561 pennipet

239 3559 339 3614 adserit
348 3562 443 3622 Poeta,
453 3574 484 3613 ut
491 3562 629 3617 laudando
641 3566 737 3632 lulum,
783 3567 1024 3622 dicitorrdasonio
1033 3567 1281 3641 volucripes-Au·
1300 3621 1301 3639 ,

238 3640 370 3690 (ΜΨ
380 3637 486 3702 ¹³¹¹d⁸lt
502 3642 576 3714 quod
591 3644 624 3700 ab
640 3665 673 3698 eo
685 3647 739 3698 ori-
783 3649 988 3703 namurcum
997 3649 1065 3702 nei:
1079 3649 1216 3701 Homerus
1226 3661 1277 3716 quo·
1299 3659 1300 3695 1

140 3758 142 3762 .
238 3719 326 3789 qinom
339 3717 481 3788 ducitzut,
495 3724 738 3798 «Julinsaasapno
784 3746 836 3798 que
852 3729 987 3782 Mercurio
1005 3728 1054 3780 dat
1067 3723 1172 3794 χρίσω
1186 3723 1299 3807 altorff

239 3795 383 3848 demissum
394 3802 569 3854 nomonlnlo.
582 3804 669 3857 »Seru
763 3858 767 3866 ,
783 3825 862 3858 aurea
877 3806 979 3858 111111111-
1296 3825 1297 3863 l

274 3875 333 3944 239.
351 3873 465 3928 Talaria.
479 3879 546 3934 Sunt
561 3881 619 3934 baro
635 3883 739 3936 calcea-
820 3886 879 3950 ada.
896 3885 1003 3936 Evocat.
1017 3882 1128 3956 Signata
1140 3906 1149 3947 ;
1163 3903 1227 3937 nam
1238 3882 1277 3934 hoc

138 4007 142 4015 ,
238 3953 410 4008 montanista
421 3958 547 4012 Mercurii
558 3959 662 4012 :vitiae
669 3961 738 4016 11111-
782 3963 895 4022 uerbum
903 3961 1195 4036 magioesuetdrirqm
1203 3979 1277 4036 quam

123 4052 127 4059 ²
239 4037 294 4101 cis,
319 4033 393 4106 quod
413 4036 527 4107 pedibus
546 4052 736 4102 necterentur;
783 4041 861 4112 dam,
875 4057 954 4116 atque
966 4045 1112 4116 imperinm
1131 4047 1235 4119 signat:
1248 4044 1276 4094 in·
