2676 4602
339 285 390 348 trv
414 281 649 350 enerues
672 285 829 390 trev.
1038 287 1100 384 ³37'

65 407 166 488 liujus
178 407 397 467 concinnitatis
410 407 659 466 servantissimus
671 419 718 466 est
731 421 840 488 poeta:
857 407 964 470 eadem
976 407 1108 477 concin-¹

64 498 161 556 nitate
172 515 262 578 supra
273 517 281 568 ;
296 495 338 555 At
348 497 445 557 Venus
455 496 562 554 interca
571 497 743 576 Neptunum
753 499 875 558 exercita
884 499 960 560 culis
968 500 1104 585 Alloqui-

66 598 118 644 tur.
132 583 256 665 'Aliquis
268 581 350 642 nihil
362 583 520 663 cogitans,
538 603 611 642 cum
625 583 770 642 Saturnio
779 583 924 666 jungeret
936 590 1111 667 Venerem,

65 691 134 732 cum
141 671 294 756 Cytherea
305 674 495 752 Neptunum.
506 672 616 732 Noster
624 671 725 731 voluit
733 693 849 734 nomen
858 679 1023 758 proprium
1033 701 1106 740 cum

65 761 193 842 proprio
205 761 334 820 nomine
347 757 554 840 conjungam
565 779 638 818 cum
650 758 789 820 derivato
801 761 985 824 derivatum,

103 849 171 932 800,
190 849 285 907 lnitio
299 861 417 906 metum
431 847 557 921 adimit3
580 846 635 906 dat
654 845 803 908 fiduciam
819 848 903 925 fore,
924 865 964 914 ut
975 857 1107 936 accipiat

64 939 167 996 Venus
175 957 370 1018 quoecunque
377 936 526 1018 postulet3
538 938 661 1012 omnia,
672 937 789 1018 inquit,
801 940 834 997 in
844 959 1021 1019 regnomeo
1032 963 1106 1004 con·

65 1029 208 1106 sequeris.
234 1027 325 1087 Ratio
344 1029 448 1109 prima
470 1049 525 1088 cur
543 1029 646 1088 Venus
665 1027 777 1089 debeat
796 1027 909 1104 fidere,
927 1033 1014 1112 ¹quia
1032 1033 1107 1094 inde
1155 1028 1156 1031 ¹

63 1135 152 1196 penus
160 1115 250 1175 ducis.
264 1115 384 1192 Altera,
399 1119 491 1176 merui
501 1137 615 1198 quoque
621 1142 633 1191 ;
647 1118 764 1199 quippe
776 1115 927 1179 beneficia
939 1132 970 1178 et
980 1123 1106 1198 merita,

64 1223 132 1285 quae
144 1205 178 1264 in
194 1201 272 1264 alios
284 1204 489 1280 conferimus,
509 1205 571 1264 illis
584 1204 725 1286 praebent
739 1227 826 1288 spem
841 1207 1004 1267 obtinendi
1013 1231 1106 1291 ,quae

65 1313 82 1351 a
101 1287 191 1352 nobis
206 1295 378 1374 postulant.
401 1293 576 1376 Amplificat
594 1293 676 1354 hanc
693 1293 822 1356 alteram
843 1297 1014 1372 emeritis,
1036 1317 1107 1378 quae

63 1379 206 1462 profecta
224 1403 241 1440 a
262 1403 292 1442 se
311 1397 386 1442 sunt
399 1384 627 1460 invenerem,
647 1385 793 1460 AEneam,
813 1383 982 1466 Trojanos:
1002 1387 1108 1465 priore

62 1467 132 1528 loco
143 1467 236 1528 affert
246 1468 314 1545 illa,
325 1467 508 1552 qutefecerit
517 1473 551 1530 in
561 1473 657 1546 mari,
672 1473 882 1554 comprimens
892 1463 1105 1556 tempestates,

64 1569 93 1615 et
100 1553 167 1616 caeli
178 1558 279 1616 minas
291 1579 297 1615 :
309 1559 497 1639 posteriore,
510 1579 579 1638 quae
589 1561 623 1619 in
633 1573 712 1618 terra
724 1559 809 1640 apud
819 1561 962 1640 Trojam:
977 1555 1107 1625 adhibet
1130 1543 1136 1566 ’

63 1658 152 1706 testes
171 1645 350 1722 Xanthum,
369 1661 399 1707 et
417 1643 591 1723 Simoenta,
613 1650 688 1732 quia
708 1647 881 1730 apudvillos
897 1665 981 1732 gesta
997 1653 1107 1734 praelia

63 1733 206 1816 Trojana.
226 1738 294 1796 Hoc
311 1739 467 1818 posterius
482 1735 670 1798 beneficium
686 1737 794 1797 multis
809 1754 1051 1817 commemorat,
1070 1755 1108 1802 ut

64 1825 96 1884 in
108 1841 172 1908 quo
184 1827 275 1886 unice
286 1843 406 1888 versata
418 1829 520 1888 AEneae
532 1827 622 1888 salus.
635 1828 729 1904 Quod
742 1817 932 1888 beneficium
945 1849 981 1889 eo
994 1828 1107 1910 majus,

63 1935 125 1996 quo
138 1915 238 1996 magis
252 1936 328 1996 ego,
342 1919 447 1998 inquit·
458 1917 635 1998 Neptunus,
650 1919 684 1976 in
697 1916 825 1996 Trojam
837 1919 949 1979 merita
962 1917 1105 1978 infensus

62 2001 186 2062 etmale
198 2005 355 2064 animatus
370 2025 471 2080 eram3
489 2026 554 2064 rem
572 2019 677 2066 tamen
694 2003 759 2086 ejus
776 2007 894 2065 servavi
910 2005 1107 2086 incolumen,

63 2090 204 2152 videlicet
217 2093 458 2155 AEneamtuum.
561 2127 565 2137 ¹
613 2131 616 2138 .
795 2099 798 2104 ’

109 2177 177 2240 812'.
197 2179 341 2240 Allusum
360 2182 398 2241 ad
415 2183 541 2242 initium
563 2183 733 2256 emmonim
755 2193 846 2260 potes
864 2179 958 2238 fidere
977 2181 1010 2238 in
1028 2183 1106 2242 meis

62 2269 177 2350 regnis3
194 2289 268 2326 nam
280 2267 361 2326 mihi
373 2267 483 2328 eadem
495 2289 616 2350 semper
628 2285 716 2326 meus
724 2261 856 2347 juvandi
867 2267 969 2326 AEncae
983 2269 1045 2340 tui3
1060 2267 1106 2330 fa-

63 2355 154 2416 vendi
168 2355 261 2415 nebus
275 2357 353 2428 tuis3
369 2355 577 2435 quamobrem
590 2360 703 2416 timores
713 2353 798 2436 pelle.
822 2390 824 2400 ·

101 2446 169 2506 813.
180 2445 229 2502 En
236 2461 358 2502 summa
367 2445 589 2504 concessionis:
603 2443 723 2502 dixerat
729 2446 848 2516 Venus3
858 2441 953 2502 liceat
961 2442 1022 2502 tibi
1031 2443 1106 2505 dare

62 2532 129 2590 vela
147 2543 231 2603 tute3
253 2529 425 2611 respondet
441 2533 621 2612 Neptunus:
642 2529 732 2590 dabit
746 2544 819 2590 tuus
837 2529 921 2590 filius
938 2531 1006 2590 vela
1022 2545 1107 2596 tutus

63 2623 145 2702 ipse,
158 2639 261 2701 noque
270 2619 374 2680 solum
387 2619 475 2682 dabit
486 2620 568 2694 vela,
583 2621 634 2681 sed
645 2619 773 2680 accedet
783 2619 822 2678 ad
831 2613 1106 2701 portue'A'veruos,

62 2710 94 2768 id
105 2723 166 2786 eet,
181 2711 343 2770 ‘Cumanos
350 2735 360 2786 3
380 2731 462 2771 unus
479 2724 601 2770 tautum
619 2709 846 2770 desiderabitur
853 2729 894 2768 ex
904 2722 971 2769 tota
989 2709 1106 2770 classe:

62 2800 166 2880 signat
176 2819 288 2858 nauem
300 2799 452 2860 Palinuri.

101 2889 170 2948 816.
185 2888 230 2946 Ex
242 2889 405 2948 occasione
417 2888 604 2950 describitur
614 2890 764 2970 equitatio
774 2889 911 2970 Neptuni
924 2907 981 2968 per
991 2887 1106 2963 maria,

62 2997 158 3060 quam
173 2996 231 3058 ego
245 2977 283 3038 ad
299 2962 435 3060 quatuor
447 2979 552 3058 capita
564 2977 698 3038 reduco:
712 2980 851 3062 primum
861 2989 959 3058 caput
968 2977 1107 3038 continet
1133 3019 1139 3024 -

62 3065 200 3146 Neptuni
213 3065 421 3144 αὐτοδιακονίαν,
441 3086 515 3126 nam
527 3068 592 3148 ipse
603 3087 690 3150 equus
696 3063 816 3151 junpit5
833 3063 913 3127 addit
920 3063 1039 3146 froena,·
1052 3061 1106 3124 Ιια-

62 3151 150 3212 benus
161 3141 295 3234 effundit.

97 3265 563 3336 ee7.1ev0tvm.1ntuedteeomot-
605 3267 656 3323 hu's
675 3269 749 3322 nuda
765 3265 935 3333 Scamandri,
954 3264 1034 3334 Gujas
1054 3266 1106 3316 iter

60 3345 563 3420 verelegitur.Sedvulgatalertiocan-
606 3349 681 3401 cresis
702 3360 845 3420 angustans
865 3361 1009 3415 corporum
1030 3361 1106 3396 acer-

60 3426 160 3491 didior,
171 3437 197 3477 et
204 3427 232 3478 in
240 3443 272 3477 eo
282 3445 393 3480 numero
405 3431 479 3500 picta
490 3430 562 3482 vidc-
604 3429 644 3480 vis
656 3428 718 3480 Alta
729 3428 873 3498 tepefaciet
881 3427 1009 3496 permitte
1019 3421 1107 3476 flumi-

60 3521 104 3558 tur
114 3504 268 3558 difficultas·
281 3507 349 3557 Pier.
359 3511 462 3568 ss-,liaec
470 3512 562 3562 omnia
605 3529 641 3562 na
653 3507 754 3561 cede.»
769 3508 877 3559 Tunica.

60 3587 169 3637 Homer.
187 3584 263 3636 Iliad.
280 3585 357 3645 ΧΧΙς
377 3587 424 3639 ubi
444 3589 561 3642 Achilles
644 3589 705 3640 ere.
725 3587 800 3638 Ferit.
818 3587 915 3657 Equis;
929 3596 974 3650 ut,
995 3585 1104 3655 «Inque

59 3675 290 3735 tantamatragem
305 3662 375 3729 edit,
390 3678 420 3715 ut
430 3667 561 3735 Trojano·
605 3670 656 3721 feri
679 3683 788 3719 curvam
814 3664 988 3737 compagibus
1014 3663 1112 3716 alvum·

59 3763 121 3796 rum
131 3742 307 3796 cadaveribus
320 3741 471 3796 obstructus
483 3745 559 3798 Xan·
604 3747 747 3799 Contorait.
755 3745 824 3797 Seru.
836 3766 847 3793 n
862 3773 893 3784 -
903 3743 1044 3815 Effimdit,
1055 3743 1103 3792 im-

57 3825 160 3878 thuein
170 3841 245 3874 mare
252 3820 385 3894 profluere
394 3841 449 3874 nou
458 3839 560 3894 posset.
604 3829 704 3878 mittit:
722 3824 796 3876 alind
810 3837 850 3876 est
865 3823 927 3875 dore
942 3827 996 3876 eive
1015 3823 1105 3874 laxare

57 3907 100 3956 lta
112 3901 253 3954 dceodetn
268 3901 387 3954 Catullus
402 3903 429 3953 in
441 3898 558 3974 Epithal.
598 3907 692 3980 frena,
706 3901 779 3957 aliud
788 3904 924 3978 effundere
934 3903 977 3956 vel
987 3903 1112 3954 inmitte.

56 3984 147 4038 Pelei:
159 4005 173 4032 a
183 3982 269 4035 Testis
281 3983 331 4035 erit
340 3983 442 4053 magnis
453 3985 560 4038 virtuti·
604 3981 680 4039 rer-it
687 3987 759 4040 enim
769 3987 815 4057 qui
821 3985 943 4060 inmittit,
954 3983 1103 4038 tinitlrena

128 4072 155 4126 6.
894 4087 946 4124 aa
