2700 4586
335 299 386 361 m
410 291 643 361 marinos
668 295 759 363 um.
784 299 833 362 11.
1042 307 1096 388 131

55 419 229 496 exultanti,
251 437 317 481 non
331 422 446 496 AEneae,
465 440 529 478 000
544 417 632 478 alteri
647 418 778 495 ducum,
797 423 831 481 in
846 419 960 502 quibus
974 426 1103 487 scientia

62 511 106 569 rei
117 509 264 570 militaris
276 532 282 568 :
296 509 334 569 ad
347 507 430 583 haec,
444 506 505 566 boc
519 529 660 568 sermone
674 507 738 568 doli
751 508 971 588 adstruuntur,
987 516 1101 594 quiin-

61 599 148 678 digni
160 598 263 661 AEneae
275 619 285 654 :-
298 598 390 656 tertio
405 596 571 656 consilium
584 595 644 656 hoc
660 617 796 679 praeceps
807 599 884 674 fuit,
900 615 931 660 et
942 602 1024 662 male
1035 625 1103 664 cor-

65 685 191 745 datum:
212 687 325 746 recidit
343 688 427 744 enim
441 699 547 766 postea
564 688 597 744 in
614 689 697 768 ipsos
717 701 868 749 auctores.
887 691 944 749 His
958 691 1107 752 omnibus

60 772 127 852 jure
146 777 208 834 ista
229 777 329 836 oratio
347 776 480 835 Coroebo
501 775 662 860 tribuitur,
685 775 773 858 cujus
789 777 917 838 fatuitas
934 782 967 840 in
983 802 1110 862 prover*

64 861 150 920 bium
163 864 261 922 etiam
276 864 363 922 abiit.

100 951 169 1034 387.
184 952 230 1012 Ad
243 950 393 1016 mutanda
404 973 504 1028 amna,
519 967 550 1013 et
562 953 723 1013 struendas
735 953 864 1014 insidias
875 953 995 1014 hortari
1008 977 1106 1036 quum

63 1036 135 1096 velit
144 1041 261 1114 socios,
277 1040 315 1098 ab
326 1039 457 1100 honesto
467 1061 532 1100 rem
543 1043 634 1122 gerit,
646 1041 791 1100 videlicet
801 1042 839 1100 ab
851 1044 1011 1103 occasione
1020 1043 1103 1102 ultro

61 1124 182 1202 oblata,
196 1148 260 1188 non
273 1130 416 1208 quaesita,
431 1143 461 1188 et
474 1128 514 1188 ab
527 1129 649 1191 favente
663 1128 800 1189 fortuna.
894 1150 901 1154 ·

101 1215 169 1294 389.
185 1215 359 1284 Consilium
374 1216 498 1275 Coroebi
515 1230 573 1290 est,
592 1230 627 1274 ut
641 1219 771 1275 mortuis
788 1215 992 1276 detrahantur
1004 1237 1104 1292 arma,

64 1302 181 1385 clypei,
193 1305 304 1385 galeae,
313 1303 412 1385 jubae,
424 1318 455 1363 et
466 1304 748 1385 reliquainsignia,
760 1318 852 1384 atque
863 1303 940 1363 adeo
953 1307 1105 1385 incogniti

65 1393 188 1453 Craecos
206 1393 343 1468 caedant,
366 1396 561 1474 occurritque
577 1415 634 1474 per
651 1393 813 1474 prolepsin
830 1393 1012 1472 objectioni3
1034 1415 1107 1453 nam

66 1479 143 1539 nihil
154 1494 261 1564 turpe,
275 1483 330 1542 ubi
342 1481 498 1564 legitimus
513 1495 559 1542 est
573 1480 680 1541 hostis.

103 1571 171 1650 391.
183 1573 346 1631 Persuasio
357 1593 376 1630 a
384 1571 469 1630 facili
481 1595 489 1630 t
506 1573 530 1630 si
541 1573 681 1630 Servium
691 1583 809 1644 tamen,
823 1585 854 1630 et
864 1571 942 1633 alios
953 1575 1104 1654 sequaris,

65 1656 124 1716 alia
134 1659 193 1717 erit
203 1661 371 1733 sententia,
384 1657 450 1718 haec
458 1658 624 1718 videlicet:
640 1655 752 1718 Arma?
765 1659 818 1738 ipsi
825 1657 944 1718 dadum.
956 1661 1029 1742 Quae
1040 1681 1108 1718 ora-

67 1747 108 1804 tio
121 1757 167 1805 est
179 1744 318 1806 hominis
330 1747 520 1828 perturbati,
535 1760 565 1806 et
577 1744 791 1828 respondentis
806 1747 854 1805 sui
867 1747 964 1826 ipsius
977 1749 1107 1806 interro·

66 1833 260 1911 gationibus:
277 1837 328 1893 vix
342 1833 409 1894 haec
424 1833 588 1910 Coroebus,
604 1855 700 1915 quum
715 1833 855 1914 exemplo
867 1832 968 1894 voluit
981 1836 1106 1916 praeire,

68 1935 100 1980 nt
112 1939 180 1980 non
194 1921 297 1981 solum
311 1921 406 1982 verbo
419 1921 607 1982 hortaretur.
619 1924 691 1980 Tria
701 1919 760 1980 sibi
774 1922 907 2002 aptavit,
919 1941 993 2002 quae
1002 1923 1108 2002 praeci·

67 2031 128 2091 pua
138 2011 172 2069 in
183 2009 298 2088 milite,
311 2012 447 2092 galeam,
459 2011 618 2094 clypeum,
633 2031 755 2070 ensem:
770 2009 843 2068 inde
851 2010 906 2068 alii
919 2025 1106 2090 sequuntur,
1201 2019 1203 2026 ’

65 2101 131 2158 Hoc
144 2097 286 2180 Ripheus,
302 2115 358 2161 etc.
373 2098 429 2159 ubi
444 2113 550 2159 tamen
563 2099 649 2158 nulla
664 2099 781 2157 mentio
793 2097 894 2154 AEneae
907 2095 946 2154 ad
958 2095 1107 2154 decorum

61 2188 144 2246 tanti
157 2185 265 2246 ducis:
281 2208 382 2269 neque
393 2190 477 2249 enim
484 2186 541 2248 ubi
552 2206 599 2247 res
610 2185 718 2245 fraude
728 2185 861 2264 geritur,
877 2185 901 2241 is
914 2184 1108 2258 nominatur,

67 2275 119 2353 qui
132 2293 213 2355 soepe
223 2276 259 2334 in
270 2273 331 2334 hoc
343 2296 438 2357 opere
452 2287 655 2357 repraesentat
666 2275 850 2353 Augustum.
935 2305 945 2327 ι
1046 2347 1051 2352 η

105 2361 173 2442 396.
192 2362 374 2424 Indicantur
393 2366 471 2424 varii
491 2363 654 2423 condictus
672 2375 702 2420 et
717 2359 974 2440 minutapraelia,
995 2358 1107 2447 quibus
1132 2412 1133 2422 ,

66 2465 242 2531 pugnatum
257 2475 274 2512 a
288 2456 396 2536 paucis
412 2452 568 2534 Trojanis3
589 2453 718 2511 immisti
736 2451 821 2510 enim
840 2450 968 2524 Danais,
987 2463 1020 2508 et
1039 2460 1107 2507 tum

67 2560 226 2600 armorum
239 2543 457 2620 similitudine,
476 2557 559 2618 tum,
580 2545 656 2623 quia
674 2561 730 2622 per
750 2557 864 2606 caecam
883 2551 1023 2611 noctem,
1043 2557 1109 2596 non

66 2629 200 2708 cogniti,
216 2630 316 2690 multa
329 2633 444 2712 passim
456 2631 563 2712 proelia
576 2630 795 2702 conserebant;
816 2625 1042 2704 adhibeturque
1054 2625 1110 2681 tri-

66 2714 135 2795 plex
144 2715 421 2799 effectusTrojanae
430 2720 553 2779 virtutis
563 2739 569 2774 :
581 2733 665 2790 nam,
675 2727 728 2800 aut
735 2713 920 2772 occiduntur
929 2710 1043 2782 Graeci,
1057 2721 1110 2765 aut

67 2803 256 2887 confugiunt
271 2805 311 2866 ad
327 2829 434 2883 naves,
456 2819 509 2866 aut
524 2817 634 2886 petunt
650 2801 783 2860 latebras
796 2797 879 2878 equi.
896 2797 932 2854 ln
944 2793 992 2852 his
1006 2813 1110 2852 recen-

70 2894 173 2954 sendis
187 2892 323 2975 Trojano
336 2895 435 2976 gloria
448 2895 601 2967 cernitur,
613 2905 643 2950 et
656 2890 763 2948 Graeca
775 2883 963 2962 indignitns;
977 2900 1050 2938 nam
1062 2878 1110 2937 de·

70 2985 143 3043 mitti
158 2985 190 3042 in
204 3004 318 3056 orcum,
331 2983 487 3067 diffiipere,
504 2983 592 3062 turpis
596 2975 742 3062 fumido,
759 2969 890 3051 indigna
901 2968 1029 3068 omnia..

107 3069 176 3145 402.
188 3069 337 3131 Praeclare
344 3072 496 3132 sententia
506 3064 792 3148 baecinterponitur
800 3062 833 3120 in
840 3060 909 3140 ipsa
916 3068 1110 3114 narrattone:

71 3159 252 3220 exultabant
275 3181 417 3220 successu
441 3159 569 3238 Trojani
598 3168 668 3237 post
690 3151 886 3213 interfectum
906 3145 1111 3223 Androgeon,

71 3271 167 3331 quum
183 3251 287 3310 subito
304 3249 366 3310 illis
383 3248 532 3330 objicitur
546 3243 684 3306 deforme
701 3237 916 3323 spectaculum
930 3230 1111 3332 Cassandrae

71 3325 160 3418 regiae
174 3339 322 3420 virginis,
336 3359 397 3418 quo
410 3336 545 3396 foedatus
559 3353 667 3394 cursus
681 3330 765 3390 illius
779 3319 967 3386 victoriolas:
982 3332 1026 3420 apt
1037 3337 1111 3420 ergo

70 3425 278 3500 cumdolore,
291 3428 447 3486 neminem
460 3444 550 3506 posse
562 3418 717 3483 confidere
729 3415 807 3492 boni
820 3408 939 3490 aliquid
952 3409 1020 3468 Dus
1034 3426 1112 3468 invi·

72 3515 126 3588 tis,
138 3529 232 3596 atquc
245 3512 465 3576 abnuentibus.
980 3586 986 3598 ι
1025 3586 1031 3597 .

109 3598 178 3675 403.
195 3603 284 3663 Hanc
296 3617 417 3684 partem
429 3614 525 3684 raptas
539 3596 717 3660 Cassandra
729 3595 772 3652 ita
785 3587 889 3650 vivide
903 3597 1061 3668 exprimit,
1076 3597 1111 3643 ut

106 3771 167 3838 403.
182 3773 249 3823 Ecce
263 3771 415 3824 trahebatur.
430 3773 500 3822 Rene
515 3769 570 3820 dis-
613 3767 723 3829 derant,
742 3770 850 3832 repente
872 3754 1013 3826 apparuit,
1038 3750 1111 3822 quod

71 3850 208 3902 simulauit
230 3849 264 3901 de
287 3862 380 3921 stupro
405 3847 568 3902 Cassandra.
613 3845 755 3917 multiplici
772 3839 928 3910 indignitate
949 3847 974 3886 et
993 3833 1110 3894 scelere,

70 3928 267 3982 Sera-Ecce.
278 3929 309 3981 ld
318 3941 372 3996 est,
384 3927 448 3979 dum
459 3928 528 3980 bene
539 3946 570 3978 ac
614 3941 719 3980 nostros
740 3936 813 3976 actus
831 3919 957 3971 turbaret.
977 3913 1111 3969 Traheba-

73 4027 202 4080 prospere
212 4023 302 4062 nostra
318 4010 463 4066 certamina
479 4026 571 4080 proce·
615 4020 658 4061 tur
672 4025 720 4080 per
733 4002 886 4076 publicum,
907 4012 986 4066 qulam
998 4007 1110 4064 paterno

922 4098 946 4149 9.
