2644 4614
213 332 214 336 Ν
305 324 356 387 tn
381 299 617 390 anemos
640 325 734 389 nra.
758 292 846 392 vri.
1033 327 1096 414 ⁴57

44 444 108 504 bus
122 443 162 504 ad
175 442 387 526 gladios3-non
401 445 491 504 aliter
503 467 537 506 ac
548 467 647 521 mare,
663 447 748 528 quod
762 447 916 530 paulatim
928 447 1039 507 fluetus
1052 462 1098 507 at·
1177 511 1178 514 ,

43 531 152 604 tollit;
171 531 283 592 deinde
296 532 390 593 undae
406 532 500 593 altius
518 535 744 610 intumescunt,
761 537 804 594 ita
815 549 850 594 ut
863 536 902 595 ab
918 536 982 594 imo
996 535 1097 594 fundo

44 619 162 678 caelum
176 620 326 700 attingere
337 619 511 681 videantur.
526 621 626 680 Habet
637 623 730 680 etiam
745 621 849 680 locum
862 623 1054 704 comparatio
1066 623 1097 679 in

45 727 82 765 re
98 705 179 766 alia:
193 706 357 789 fulgebant
369 731 430 770 aera
445 709 639 790 gladiorum,
658 732 724 770 non
737 711 828 771 aliter
842 733 878 770 ac
893 713 1015 792 primus
1027 711 1100 770 iluc-

45 808 103 854 tus
118 817 181 856 esse
192 795 289 874 solet,
307 797 443 858 albicans
458 818 524 880 prae
541 819 669 880 spuma:
692 811 795 858 tamen
810 812 876 858 atra
892 811 981 857 erant
992 800 1099 858 omnia

45 883 183 946 horrore
203 885 294 962 belli,
316 909 381 947 non
404 888 493 948 aliter
513 909 548 948 ac
572 909 657 949 mare
677 887 839 948 turbatum
858 886 924 968 jam
943 887 1099 969 procellis.

45 976 144 1034 Disce
158 977 204 1034 uti
217 977 681 1060 sapientercomparationibus.
891 1041 892 1044 ,

92 1062 161 1124 531.
170 1066 362 1146 Sequuntur,
373 1068 458 1148 quod
469 1087 592 1128 neeesse
602 1080 667 1128 erat
677 1069 712 1126 in
721 1081 786 1126 tam
797 1066 866 1126 diro
877 1065 976 1139 malo,
986 1064 1098 1124 caedes:

44 1149 136 1210 cadit
149 1165 222 1212 ante
235 1173 348 1215 omnes.
357 1154 471 1214 Almon
485 1156 640 1215 maximus
653 1153 793 1213 filiorum
808 1150 936 1234 Tyrrhi:
950 1151 1035 1210 cadit
1049 1173 1101 1209 au-

44 1254 117 1300 tem
129 1242 263 1321 primus,
279 1245 352 1324 quia
364 1258 433 1306 ante
443 1247 569 1327 primam
581 1248 674 1305 aciem
687 1243 873 1316 dimicabat,
886 1243 1004 1323 quippe
1014 1241 1101 1320 juve-

44 1329 116 1403 nis,
136 1342 167 1388 et
178 1342 314 1411 paternae
328 1334 373 1393 rei
388 1332 562 1394 sollicitus:
578 1332 708 1394 adhibet
719 1345 814 1414 poeta
825 1329 957 1389 modum
972 1329 1099 1403 mortis3

44 1419 199 1496 sagittam
211 1421 296 1480 enim
310 1420 480 1484 haerentem
495 1424 554 1484 sub
570 1435 711 1504 gutture,
731 1433 816 1481 tanta
834 1420 995 1500 sanguinis
1009 1420 1100 1498 copia

45 1521 159 1566 secuta
179 1523 238 1586 est,
258 1525 293 1570 ut
310 1514 409 1587 vocis,
428 1525 458 1571 et
475 1513 549 1573 vitae
563 1513 622 1572 iter
636 1509 825 1571 occluderet.
845 1507 1034 1590 Expendunt
1047 1507 1099 1566 bic

44 1598 208 1677 quoepiam
218 1600 355 1674 Servius,
365 1615 395 1660 et
404 1601 539 1680 Scaliger
551 1623 558 1658 :
571 1601 658 1681 prior
669 1601 728 1674 ait,
739 1599 856 1658 moveri
867 1598 1099 1657 miserationem

45 1683 89 1742 ab
105 1697 194 1744 aetate
209 1708 307 1768 quum
323 1685 412 1762 dicit,
427 1684 560 1769 juvenis:
577 1689 735 1762 avirtute,
754 1704 853 1768 quum
864 1683 957 1760 dicit,
974 1687 1100 1766 primam

44 1785 118 1832 ante
129 1776 241 1834 aciem:
264 1797 280 1834 a
298 1775 434 1835 vulneris
449 1775 648 1850 crudelitate,
669 1796 766 1856 quum
784 1776 843 1850 ait,
863 1773 945 1835 boesit
956 1776 1035 1834 enim
1047 1772 1100 1834 sub

44 1874 164 1941 qu-ttare
175 1862 300 1923 varinas:
315 1866 470 1945 posterior
484 1864 634 1945 expendit
652 1877 766 1924 mortes
781 1866 883 1924 varias
897 1863 992 1922 variis
1007 1862 1100 1921 affec-

43 1948 132 2006 tibus
148 1949 264 2009 induei.
285 1950 420 2011 Sicbaeus
433 1953 517 2010 enim
531 1963 561 2010 et
573 1951 727 2034 Pyrrhus,
747 1953 801 2033 qui
812 1951 958 2012 insidiose
967 1951 1098 2026 cadunt,

45 2037 200 2096 dicuntur
213 2038 321 2100 cadere
334 2042 459 2114 incauti,
475 2051 505 2099 et
514 2053 673 2116 antearas,·
685 2055 716 2102 at
728 2040 840 2100 Almon
848 2037 980 2124 juvenis,
994 2039 1025 2098 id
1040 2053 1098 2113 est,

47 2123 168 2200 audax,
178 2129 304 2207 primam
317 2143 385 2190 ante
397 2131 500 2189 aciem.

88 2214 156 2274 535.
178 2216 304 2276 Cadunt
317 2218 410 2278 multi
428 2220 508 2279 circa
526 2217 706 2294 Almonem,
722 2232 751 2280 et
765 2223 798 2280 in
811 2221 921 2302 primis
933 2239 1023 2279 senex
1038 2218 1099 2277 Ga·

45 2299 155 2375 laesus,
168 2305 222 2382 qui
235 2325 266 2363 se
275 2321 469 2386 sequestrum
483 2306 522 2365 ad
535 2327 645 2388 pacem
658 2307 762 2366 dabat.
771 2309 851 2367 Vide
862 2309 1015 2367 variatam
1025 2325 1098 2386 poe-

44 2391 93 2458 sin
109 2390 148 2448 ab
161 2391 292 2451 Almone
301 2391 430 2474 juvene,
446 2393 486 2454 ab
499 2394 620 2456 Galaeso
631 2416 702 2456 sene
714 2419 720 2454 :
734 2410 838 2456 moret
850 2395 981 2456 affectus
992 2395 1096 2477 primo

43 2501 60 2538 a
72 2481 206 2553 virtute;
216 2479 278 2540 fait
287 2483 371 2542 enim
378 2481 588 2564 justissimus:
601 2485 713 2546 deinde
724 2508 741 2544 a
751 2497 947 2568 paupertate,
957 2486 991 2544 in
1001 2504 1097 2564 quam

41 2565 735 2654 incideratpropterjustitiam.Olim,inquit,
744 2573 996 2648 fuitditissimus‚
1005 2574 1096 2653 quasi

43 2670 124 2714 tunc
138 2677 203 2716 non
222 2673 317 2718 esset:
340 2659 415 2720 inde
429 2677 538 2743 postea
554 2661 735 2744 imperfecto
748 2677 888 2743 tempore
906 2660 1039 2722 redibant
1048 2681 1096 2719 ar·

42 2758 160 2818 menta,
174 2747 298 2809 vertebat
311 2763 430 2825 terram,
443 2754 534 2833 quasi
541 2750 608 2832 jam
619 2772 684 2811 non
695 2751 846 2824 redirent,
859 2753 946 2832 quasi
953 2749 1018 2830 jam
1029 2770 1094 2808 non

39 2850 197 2896 verteret:
219 2838 364 2901 redibant
380 2845 481 2918 enim,
501 2865 600 2925 quum
618 2855 684 2904 erat
700 2843 889 2902 ditissimus:
909 2845 1014 2922 itaque
1031 2861 1094 2899 non

40 2924 196 3008 praedicat
207 2949 298 3010 opes,
319 2953 396 3013 quas
411 2947 486 2993 tunc
503 2933 642 2994 Galaesus
656 2929 798 3006 baberet,
819 2931 872 2990 sed
888 2951 966 3013 quas
978 2927 1096 2988 habue-

43 3025 110 3086 rat,
131 3035 229 3094 quum
246 3019 279 3076 in
293 3020 408 3081 similes
424 3020 614 3082 calamitates
626 3020 747 3082 soleant
759 3021 897 3081 incidere
909 3019 1095 3100 plerumque

39 3102 228 3184 justissimi,
240 3111 336 3190 utqui
350 3110 420 3192 plus
431 3132 521 3192 aequo
531 3112 620 3191 justi.
631 3113 704 3172 Haec
714 3109 793 3171 mibi
803 3113 870 3170 visa
880 3129 967 3168 mens
977 3122 1093 3190 poetae:

43 3193 110 3252 scio
127 3191 217 3254 aliter
228 3211 354 3278 poetam
366 3201 454 3281 capi3
471 3203 604 3283 quisque
617 3215 653 3261 ut
663 3199 764 3274 volet3
778 3198 850 3258 vide
864 3211 955 3259 notas
970 3195 1062 3254 infra.

84 3314 145 3369 535.
158 3319 251 3372 Senior
262 3323 383 3378 Galaesus.
399 3326 490 3378 Cerdae
505 3348 549 3381 ex·
593 3329 638 3395 IV,
652 3331 682 3397 4,
696 3341 792 3380 tractat
806 3323 884 3386 acida,
900 3343 957 3396 quae
968 3323 1094 3395 Virgilius

43 3396 220 3468 plicationem
230 3400 263 3454 de
271 3403 374 3458 Galaeso
385 3420 488 3460 mutare
498 3427 548 3460 no·
593 3422 684 3461 movet
696 3428 711 3460 a
728 3407 809 3459 causis
812 3446 820 3472 ,
841 3418 868 3458 et
879 3405 931 3456 hoc
944 3404 1093 3475 exemplum

45 3477 102 3543 lui,
113 3483 233 3548 quamvis
244 3501 302 3534 eam
313 3504 368 3537 non
379 3487 547 3540 admiserim:
593 3490 717 3560 principe
730 3488 790 3538 loco
805 3484 922 3539 adhibet.

44 3557 124 3610 nulla
136 3561 206 3611 enirn
221 3560 265 3614 bic
278 3576 318 3616 ost
330 3571 496 3637 paupertatis
507 3569 549 3620 in·.
630 3569 691 3636 537.
714 3567 834 3639 Quinque
847 3583 941 3638 prepes.
960 3561 1093 3629 Πολύμηλον

44 3636 174 3688 dicatio:
209 3644 323 3710 majores
345 3663 409 3696 vero
434 3649 548 3700 affectus
595 3649 649 3700 sive
661 3645 782 3715 πολὺωρναι
793 3644 934 3706 describit,
948 3658 973 3696 et
983 3645 1096 3696 πολυξού.

46 3718 172 3768 oriuntur
182 3738 213 3770 ex
223 3733 312 3788 aetate,
318 3725 436 3792 justitia,
447 3739 473 3778 et
483 3727 550 3779 divi·
593 3749 641 3780 cir.
657 3726 726 3778 Vide
736 3728 794 3778 AEn.
806 3727 854 3790 Vl,
867 3727 910 3778 38.
932 3724 997 3776 Cato
1010 3727 1093 3778 inter·

45 3797 90 3845 tiis
110 3794 189 3866 hujus
208 3801 292 3865 senis,
310 3805 357 3871 qui
374 3803 435 3854 ideo
454 3824 547 3874 pacem
594 3820 717 3879 rogatus,
731 3809 789 3878 quis
805 3819 872 3858 esset
884 3806 1092 3878 paterfamilias:

47 3886 138 3948 optat,
153 3879 217 3947 quia
227 3880 255 3928 in
263 3879 335 3931 bello
344 3899 468 3932 arvorum
477 3885 550 3935 fruc·
593 3885 747 3957 respondit,
768 3905 828 3938 eum
838 3887 884 3958 qui
893 3886 954 3936 bene
961 3885 1056 3956 pascit,
1069 3896 1094 3935 et

48 3968 91 4006 tus
109 3967 190 4026 atque
205 3971 385 4010 armentorum
403 3976 549 4030 proventus
594 3967 656 4018 bene
668 3977 733 4018 arat.
748 3965 824 4017 Τ.-
835 3967 934 4035 Quina,
950 3983 1000 4036 pro
1016 3965 1094 4034 quin-

46 4034 160 4107 perdere
175 4037 294 4090 timebat.
308 4040 427 4092 Macrob.
442 4041 548 4096 Saturn.
595 4064 661 4116 que,
674 4047 743 4100 sicut
756 4046 815 4097 hina
826 4062 877 4114 pro
889 4044 952 4096 duo,
965 4042 1033 4094 Sero.
