2692 4594
256 296 318 373 ιιι
582 283 959 350 conuaumnta

256 412 372 473 tellexit
389 410 504 491 quippe
522 407 633 467 sororis
654 407 795 465 animum
811 424 848 464 eo
865 417 1010 486 spectare.
1028 403 1182 487 Colligit'
1174 427 1209 465 m
1227 405 1292 485 ipso

256 502 343 562 aditu
354 497 616 570 benevolentiam,
624 507 653 556 et
663 493 807 574 praeelare
817 492 961 554 affectum
972 495 1106 575 accipit
1098 517 1115 554 a
1128 495 1213 571 luce3
1224 515 1291 553 nam

255 590 338 650 Dido
352 585 411 648 sibi
424 585 569 647 umbras
562 597 726 665 imprecata
738 582 852 657 fuerat,
866 595 896 643 et
909 585 1006 643 noctis
1016 583 1171 644 tenebras.

296 676 343 734 32
356 673 460 734 Efficit
472 675 561 733 Anna
570 669 634 731 hoc
645 680 882 751 argumentum
901 683 976 730 tune
990 669 1056 730 sola
1071 690 1210 731 moerore
1227 688 1290 727 con·

256 765 383 826 sumeris
400 764 514 843 absque
528 763 659 844 nuptiis,
679 781 776 842 quum
794 781 901 820 omnes
915 760 983 820 atiae
1001 761 1125 830 nubant
1142 760 1292 831 foeminae,

256 855 395 932 sciasque
406 849 597 932 juventutem
611 848 743 907 dicatam
758 867 820 906 este
831 837 1008 907 amoribus?
1027 849 1107 907 Nam
1125 841 1293 926 ideircoju·

255 952 370 1000 ventam
380 936 635 997 hienominatam
646 934 799 996 Naseimb.
810 933 1037 994 animadvertit.
1047 938 1116 996 Vox
1125 933 1190 994 sola
1196 931 1295 1020 duph

255 1047 321 1090 cem
341 1037 442 1120 potest
459 1023 573 1084 habere
586 1025 787 1097 sententiam,
801 1022 849 1081 vel
869 1023 933 1082 sola
952 1036 986 1082 tu
1005 1025 1086 1082 inter
1105 1043 1235 1084 omnes:
1229 1017 1295 1078 ·rel

255 1117 347 1178 etiam
359 1133 465 1173 carens
474 1109 618 1192 conjuge,
634 1125 665 1170 et
681 1113 714 1170 in
726 1066 914 1170 solitudine:
930 1123 1098 1170 extremum
1112 1109 1176 1170 boc
1189 1111 1296 1190 aptius.

294 1202 343 1262 33.
355 1204 400 1262 lta
412 1199 519 1260 suadet
531 1198 710 1280 ajucundo,
720 1212 808 1257 notat
817 1199 974 1270 Donatus,
993 1211 1028 1256 ut
1040 1197 1116 1256 utile
1130 1195 1295 1278 adjungam

255 1311 329 1352 nam
343 1289 417 1348 dicit
428 1288 525 1369 prolis
540 1308 630 1346 causa
648 1285 854 1367 suscipiendas
867 1286 1007 1366 nuptias,
1024 1298 1058 1344 ut
1074 1306 1140 1344 non
1159 1284 1296 1344 libidinis

255 1379 517 1461 contemplatione
533 1375 673 1438 videatur
690 1375 777 1434 illam
791 1374 919 1438 honeri.
934 1375 1062 1434 Veneris
1079 1375 1211 1472 praemia
1228 1384 1298 1432 sunt

255 1484 308 1530 aut
320 1471 441 1552 ipsimet
459 1469 540 1543 nati,
560 1479 612 1527 aut
628 1466 801 1572 voluptates
818 1478 848 1524 et
864 1461 1088 1536 oblectamenta
1102 1462 1297 1544 conjugum:

255 1560 305 1620 sed
320 1579 430 1640 apage,
443 1572 478 1618 ut
488 1556 554 1616 haec
567 1558 744 1616 nominaret
755 1543 883 1638 pudoris
900 1557 1132 1614 amantissimus
1145 1567 1257 1635 poeta,
1269 1563 1297 1611 et

255 1667 325 1706 vere
337 1643 528 1704 Parthenius.

295 1735 342 1810 34.
356 1738 429 1794 Haec
440 1755 510 1816 pars
518 1735 581 1794 illis
593 1735 780 1814 opponitur,
795 1754 865 1816 quae
878 1731 961 1796 Dido
975 1734 1014 1794 de
1029 1731 1147 1794 Sichaeo
1161 1730 1296 1805 dixerat,

255 1823 340 1904 eujus
350 1845 456 1884 curam
466 1836 587 1883 amovet
598 1825 703 1883 innixa
714 1826 858 1905 opinioni
868 1825 1008 1905 Epicuri,
1020 1842 1088 1903 quae
1099 1821 1226 1882 dicebat
1235 1823 1298 1880 Ma-

255 1933 310 1972 nes
324 1933 386 1972 esse
403 1912 539 1986 fabulas,
558 1933 593 1971 ac
607 1910 688 1970 nihil
702 1933 855 1994 superesse
870 1927 940 1995 post
958 1925 1105 1985 mortem,
1123 1924 1159 1970 ut
1179 1911 1299 1970 desinat

256 2021 374 2075 amare,
388 2020 480 2080 quem
493 2000 567 2058 sciat
578 1997 643 2078 jam
656 2019 721 2058 non
736 2021 809 2060 esse.
824 2001 897 2060 ldeo
912 2002 1030 2081 signate
1042 2002 1150 2058 Manes
1161 1995 1300 2080 sepultos,

255 2090 340 2169 quasi
355 2087 461 2147 anima
470 2084 536 2166 jam
543 2087 694 2169 periisset,
710 2099 740 2147 et
751 2109 815 2147 una
825 2102 899 2148 esset
910 2109 981 2148 eum
992 2106 1121 2168 corpore
1130 2085 1300 2146 eodemtu-

254 2175 342 2236 mulo
355 2174 485 2234 obruta:
500 2187 529 2232 et
542 2172 602 2233 hoc
614 2175 682 2255 ipso
700 2174 833 2250 indicat,
845 2175 965 2236 nullam
979 2172 1216 2234 foreDidonem
1230 2183 1298 2253 post

256 2262 390 2322 obitum.
404 2261 434 2319 Si
451 2259 557 2320 nullus
575 2274 619 2320 est
634 2259 700 2342 jam
714 2261 864 2337 Sichaeus,
878 2264 903 2321 si
918 2275 953 2322 tu
969 2275 1039 2343 post
1054 2274 1194 2320 mortem
1210 2259 1299 2319 nulla

254 2353 328 2424 eris,
341 2351 442 2410 fruere
453 2347 626 2430 voluptate;
638 2363 708 2433 post
722 2365 854 2412 mortem
867 2351 947 2410 nihil
959 2353 1044 2410 time.

296 2436 344 2496 35.
357 2437 512 2496 Sententia
522 2449 584 2494 est:
599 2451 679 2511 esto;
693 2437 773 2498 nulli
787 2453 816 2499 te
830 2441 949 2514 mariti,
964 2438 996 2497 id
1008 2450 1067 2514 est,
1082 2438 1189 2518 proci,
1199 2455 1299 2518 neque

255 2523 376 2604 Libyae,
389 2542 489 2602 neque
502 2523 588 2604 prius
600 2525 633 2583 in
645 2522 723 2585 urbe
731 2528 813 2607 Tyro
824 2527 963 2587 flexerint
975 2525 1012 2584 ad
1026 2526 1171 2606 nuptias,
1185 2544 1299 2606 aegram

256 2608 363 2670 Sichaei
375 2621 491 2670 morte:
505 2619 585 2685 est03
596 2611 654 2670 tibi
665 2610 823 2694 despectus
833 2613 937 2673 larbas
948 2611 1052 2687 fuerit,
1060 2623 1154 2691 atque
1164 2607 1220 2668 alii
1231 2608 1299 2669 due·

255 2712 338 2760 tores
351 2699 416 2760 Afri
428 2722 434 2758 :
448 2701 534 2780 atqui
549 2701 648 2760 amori
662 2701 816 2782 pugnabis
832 2700 897 2783 jam
916 2699 1049 2783 placenti
1069 2696 1300 2780 arridentiquel

255 2789 387 2850 Perinde
399 2809 433 2849 ae
446 2790 472 2848 si
482 2788 566 2849 dieat
574 2811 610 2850 ex
622 2803 697 2850 nota
707 2791 841 2851 Donati:
854 2793 945 2852 sicuti
960 2789 1014 2850 alii
1027 2789 1176 2870 petitores
1185 2787 1299 2870 repulsi

255 2890 328 2938 sunt
339 2875 466 2938 fastidio
477 2889 547 2953 tuo,
562 2877 647 2981 quod
657 2876 775 2959 justum
793 2879 855 2940 fuit
868 2882 902 2940 in
921 2879 1029 2939 dolore
1042 2877 1176 2952 recenti·
1191 2877 1236 2937 sie
1249 2874 1298 2934 ille

256 2965 464 3027 admittendus
477 2979 536 3041 est,
547 2969 599 3069 qui
612 2966 677 3048 jam
691 2968 800 3050 placet.

292 3057 344 3136 39.
357 3053 482 3116 Terret
470 3076 537 3135 Jam
549 3055 700 3131 nifaciat‚
711 3079 860 3119 novousa
875 3069 1080 3152 argumentor
1089 3057 1196 3138 primo
1209 3075 1298 3137 gene·

258 3146 349 3204 ratim
362 3163 451 3208 uersu
464 3143 538 3218 isto,

394 3259 458 3318 Nec
468 3258 547 3315 venit
558 3256 589 3314 in
598 3270 720 3318 mentem
733 3267 856 3342 quorum
866 3259 1027 3320 consederis
1036 3259 1133 3346 aruis?

290 3428 336 3479 32,
347 3425 443 3478 Solane
452 3436 585 3496 perpetua,
597 3437 647 3478 ete.
658 3427 688 3480 ld
695 3441 749 3480 est:
797 3431 929 3482 sententia
937 3451 943 3482 :
952 3430 1033 3481 Visne
1040 3427 1128 3499 perire
1137 3423 1234 3478 florem
1242 3439 1298 3477 aeta·

257 3505 348 3556 solane
367 3523 480 3556 moerens
499 3507 527 3557 in
546 3509 618 3559 omni
635 3512 751 3580 carperit
796 3513 846 3578 tis,
856 3514 883 3562 in
895 3522 1027 3582 perpetuo
1038 3507 1159 3559 celibatu
1169 3508 1252 3558 vitant
1261 3518 1298 3556 te·

254 3586 380 3654 juventa?
393 3596 516 3655 perpetua
528 3605 605 3658 ergo,
618 3589 750 3640 continua.
796 3609 871 3658 rens,
890 3593 947 3642 sine
960 3592 1034 3656 viro,
1054 3589 1177 3658 cognatis
1192 3600 1219 3640 et
1234 3587 1297 3639 ami·

256 3666 386 3728 Juventa,
407 3677 452 3716 aut
469 3684 519 3736 pro
528 3669 667 3738 juventute
684 3671 752 3720 acei-
796 3671 855 3720 cis?
882 3671 943 3720 Non
967 3667 1100 3720 dissimilis
1126 3667 1199 3719 adeo
1225 3667 1296 3718 locus

255 3741 398 3814 piendum;
414 3761 476 3795 nam
487 3746 600 3797 ιῙιιιιεηῐιι
614 3745 665 3798 dea
681 3746 751 3798 illius
797 3751 861 3802 Stat.
876 3749 960 3801 Theb.
975 3749 1021 3800 lib.
1034 3749 1066 3813 V,
1082 3769 1093 3792 a
1108 3748 1135 3798 Si
1149 3746 1231 3799 taedet
1244 3749 1297 3797 ina·

257 3823 340 3885 aetatis
352 3835 405 3884 est3
424 3825 548 3878 Juventas
564 3837 625 3876 aetas
639 3827 698 3897 ipsa
707 3828 752 3896 ju·
797 3847 844 3880 nes
855 3830 992 3881 AEternum
1003 3845 1108 3878 servare
1118 3825 1235 3892 domos,
1249 3838 1298 3875 tur-

256 3901 365 3965 venilis;
384 3903 509 3958 Juventus
522 3907 650 3975 juvenum
664 3905 754 3958 multi·
797 3927 913 3979 pemque
926 3910 1040 3976 juventae
1054 3904 1133 3956 Flore
1155 3906 1254 3970 situm,
1275 3915 1298 3954 et

259 3979 333 4035 tudo.
354 3983 423 4038 Serv.
447 4015 481 4027 -
499 3985 549 4074 Est
566 3986 647 4058 igitur
669 3998 754 4057 poetae
798 3987 885 4062 longis
895 3987 998 4045 steriles
1009 3988 1037 4041 in
1047 3983 1166 4040 luctibus
1180 4003 1297 4040 armos.-
