<?xml version="1.0" encoding="UTF-8"?>
<!DOCTYPE html PUBLIC "-//W3C//DTD XHTML 1.0 Transitional//EN"
    "http://www.w3.org/TR/xhtml1/DTD/xhtml1-transitional.dtd">
<html xmlns="http://www.w3.org/1999/xhtml" xml:lang="en" lang="en">
 <head>
  <title>
</title>
<meta http-equiv="Content-Type" content="text/html;charset=utf-8" />
  <meta name='ocr-system' content='tesseract 3.04.00' />
  <meta name='ocr-capabilities' content='ocr_page ocr_carea ocr_par ocr_line ocrx_word'/>
</head>
<body>
  <div class='ocr_page' id='page_1' title='image "./pvirgiliusmaroq02barbgoog_0244.png"; bbox 0 0 2692 4594; ppageno 0'>
   <div class='ocr_carea' id='block_1_1' title="bbox 227 305 931 447">
    <p class='ocr_par' dir='ltr' id='par_1_1' title="bbox 227 305 931 447">
     <span class='ocr_line' id='line_1_1' title="bbox 227 305 931 447; baseline -0.009 -26"><span class='ocrx_word' id='word_1_1' title='bbox 227 305 286 447; x_wconf 75' lang='lat' dir='ltr'><strong>r9d</strong></span> <span class='ocrx_word' id='word_1_2' title='bbox 550 352 931 417; x_wconf 85' lang='lat' dir='ltr'><strong>COMMENTARIA</strong></span> 
     </span>
    </p>
   </div>
   <div class='ocr_carea' id='block_1_2' title="bbox 144 472 1340 3573">
    <p class='ocr_par' dir='ltr' id='par_1_2' title="bbox 221 472 1279 1188">
     <span class='ocr_line' id='line_1_2' title="bbox 221 472 1275 558; baseline -0.004 -18"><span class='ocrx_word' id='word_1_3' title='bbox 221 480 322 551; x_wconf 86' lang='lat' dir='ltr'><strong>datio,</strong></span> <span class='ocrx_word' id='word_1_4' title='bbox 337 475 421 558; x_wconf 90' lang='lat' dir='ltr'><strong>quod</strong></span> <span class='ocrx_word' id='word_1_5' title='bbox 436 487 534 536; x_wconf 86' lang='lat' dir='ltr'><strong>essent</strong></span> <span class='ocrx_word' id='word_1_6' title='bbox 547 472 748 556; x_wconf 86' lang='lat' dir='ltr'><strong>Neoptolemi:</strong></span> <span class='ocrx_word' id='word_1_7' title='bbox 760 495 834 532; x_wconf 84' lang='lat' dir='ltr'><strong>narn</strong></span> <span class='ocrx_word' id='word_1_8' title='bbox 846 472 907 535; x_wconf 93' lang='lat' dir='ltr'><strong>boc</strong></span> <span class='ocrx_word' id='word_1_9' title='bbox 919 475 986 556; x_wconf 87' lang='lat' dir='ltr'><strong>ipso</strong></span> <span class='ocrx_word' id='word_1_10' title='bbox 999 477 1138 556; x_wconf 79' lang='lat' dir='ltr'><strong>gratiora</strong></span> <span class='ocrx_word' id='word_1_11' title='bbox 1149 477 1275 538; x_wconf 82' lang='lat' dir='ltr'><strong>AEneae:</strong></span> 
     </span>
     <span class='ocr_line' id='line_1_3' title="bbox 222 563 1276 646; baseline 0.001 -21"><span class='ocrx_word' id='word_1_12' title='bbox 222 569 358 626; x_wconf 84' lang='lat' dir='ltr'><strong>rationes</strong></span> <span class='ocrx_word' id='word_1_13' title='bbox 377 565 501 645; x_wconf 89' lang='lat' dir='ltr'><strong>conjicit</strong></span> <span class='ocrx_word' id='word_1_14' title='bbox 520 564 659 644; x_wconf 90' lang='lat' dir='ltr'><strong>quisque.</strong></span> <span class='ocrx_word' id='word_1_15' title='bbox 680 563 837 643; x_wconf 74' lang='lat' dir='ltr'>Sequitur,</span> <span class='ocrx_word' id='word_1_16' title='bbox 855 576 923 622; x_wconf 83' lang='lat' dir='ltr'><strong>sunt</strong></span> <span class='ocrx_word' id='word_1_17' title='bbox 939 576 969 624; x_wconf 85' lang='lat' dir='ltr'><strong>et</strong></span> <span class='ocrx_word' id='word_1_18' title='bbox 982 584 1034 623; x_wconf 83' lang='lat' dir='ltr'><strong>suo</strong></span> <span class='ocrx_word' id='word_1_19' title='bbox 1049 563 1131 624; x_wconf 79' lang='lat' dir='ltr'><strong>dona</strong></span> <span class='ocrx_word' id='word_1_20' title='bbox 1145 568 1276 646; x_wconf 79' lang='lat' dir='ltr'><strong>parenti.</strong></span> 
     </span>
     <span class='ocr_line' id='line_1_4' title="bbox 222 652 1278 734; baseline -0.001 -19"><span class='ocrx_word' id='word_1_21' title='bbox 222 657 291 716; x_wconf 86' lang='lat' dir='ltr'><strong>Hoc</strong></span> <span class='ocrx_word' id='word_1_22' title='bbox 310 676 345 715; x_wconf 86' lang='lat' dir='ltr'><strong>ex</strong></span> <span class='ocrx_word' id='word_1_23' title='bbox 363 655 486 715; x_wconf 87' lang='lat' dir='ltr'><strong>decoro.</strong></span> <span class='ocrx_word' id='word_1_24' title='bbox 505 656 613 715; x_wconf 81' lang='lat' dir='ltr'><strong>AEneas</strong></span> <span class='ocrx_word' id='word_1_25' title='bbox 627 653 711 712; x_wconf 90' lang='lat' dir='ltr'><strong>enim</strong></span> <span class='ocrx_word' id='word_1_26' title='bbox 725 652 864 732; x_wconf 84' lang='lat' dir='ltr'><strong>juvenis,</strong></span> <span class='ocrx_word' id='word_1_27' title='bbox 882 664 912 713; x_wconf 91' lang='lat' dir='ltr'><strong>et</strong></span> <span class='ocrx_word' id='word_1_28' title='bbox 929 654 998 734; x_wconf 87' lang='lat' dir='ltr'><strong>ipso</strong></span> <span class='ocrx_word' id='word_1_29' title='bbox 1012 654 1134 714; x_wconf 68' lang='lat' dir='ltr'><strong>militiae</strong></span> <span class='ocrx_word' id='word_1_30' title='bbox 1150 654 1278 714; x_wconf 87' lang='lat' dir='ltr'><strong>fervore</strong></span> 
     </span>
     <span class='ocr_line' id='line_1_5' title="bbox 224 742 1277 825; baseline -0.002 -20"><span class='ocrx_word' id='word_1_31' title='bbox 224 745 349 822; x_wconf 82' lang='lat' dir='ltr'><strong>ardens,</strong></span> <span class='ocrx_word' id='word_1_32' title='bbox 359 745 487 806; x_wconf 83' lang='lat' dir='ltr'><strong>loricam</strong></span> <span class='ocrx_word' id='word_1_33' title='bbox 500 758 529 804; x_wconf 88' lang='lat' dir='ltr'><strong>et</strong></span> <span class='ocrx_word' id='word_1_34' title='bbox 542 743 660 825; x_wconf 79' lang='lat' dir='ltr'><strong>galeam</strong></span> <span class='ocrx_word' id='word_1_35' title='bbox 673 743 794 823; x_wconf 85' lang='lat' dir='ltr'><strong>accipit.</strong></span> <span class='ocrx_word' id='word_1_36' title='bbox 805 744 925 802; x_wconf 85' lang='lat' dir='ltr'><strong>Seniori</strong></span> <span class='ocrx_word' id='word_1_37' title='bbox 938 742 1081 804; x_wconf 81' lang='lat' dir='ltr'><strong>Anchisae</strong></span> <span class='ocrx_word' id='word_1_38' title='bbox 1094 744 1156 804; x_wconf 85' lang='lat' dir='ltr'><strong>alia</strong></span> <span class='ocrx_word' id='word_1_39' title='bbox 1169 745 1211 803; x_wconf 85' lang='lat' dir='ltr'><strong>ab</strong></span> <span class='ocrx_word' id='word_1_40' title='bbox 1222 744 1277 805; x_wconf 86' lang='lat' dir='ltr'><strong>bis</strong></span> 
     </span>
     <span class='ocr_line' id='line_1_6' title="bbox 224 835 1276 918; baseline -0.001 -23"><span class='ocrx_word' id='word_1_41' title='bbox 224 836 351 912; x_wconf 88' lang='lat' dir='ltr'><strong>dantur,</strong></span> <span class='ocrx_word' id='word_1_42' title='bbox 366 857 433 918; x_wconf 76' lang='lat' dir='ltr'><strong>quae</strong></span> <span class='ocrx_word' id='word_1_43' title='bbox 450 858 484 897; x_wconf 88' lang='lat' dir='ltr'><strong>ex</strong></span> <span class='ocrx_word' id='word_1_44' title='bbox 501 835 614 896; x_wconf 88' lang='lat' dir='ltr'><strong>decoro</strong></span> <span class='ocrx_word' id='word_1_45' title='bbox 626 835 719 894; x_wconf 89' lang='lat' dir='ltr'><strong>etiam</strong></span> <span class='ocrx_word' id='word_1_46' title='bbox 730 846 882 893; x_wconf 87' lang='lat' dir='ltr'><strong>tacentur.</strong></span> <span class='ocrx_word' id='word_1_47' title='bbox 899 835 1082 894; x_wconf 86' lang='lat' dir='ltr'><strong>Nominaret</strong></span> <span class='ocrx_word' id='word_1_48' title='bbox 1098 835 1276 907; x_wconf 86' lang='lat' dir='ltr'><strong>Homerus,</strong></span> 
     </span>
     <span class='ocr_line' id='line_1_7' title="bbox 223 919 1279 1005; baseline -0.002 -23"><span class='ocrx_word' id='word_1_49' title='bbox 223 937 258 983; x_wconf 92' lang='lat' dir='ltr'><strong>ut</strong></span> <span class='ocrx_word' id='word_1_50' title='bbox 269 937 314 984; x_wconf 89' lang='lat' dir='ltr'><strong>est</strong></span> <span class='ocrx_word' id='word_1_51' title='bbox 325 923 389 1005; x_wconf 85' lang='lat' dir='ltr'><strong>ejus</strong></span> <span class='ocrx_word' id='word_1_52' title='bbox 400 925 578 1005; x_wconf 78' lang='lat' dir='ltr'>ingenium,</span> <span class='ocrx_word' id='word_1_53' title='bbox 593 923 766 1004; x_wconf 83' lang='lat' dir='ltr'><strong>scipionem</strong></span> <span class='ocrx_word' id='word_1_54' title='bbox 780 919 819 980; x_wconf 91' lang='lat' dir='ltr'><strong>ad</strong></span> <span class='ocrx_word' id='word_1_55' title='bbox 831 921 1068 982; x_wconf 86' lang='lat' dir='ltr'><strong>sustentandum</strong></span> <span class='ocrx_word' id='word_1_56' title='bbox 1081 943 1199 1003; x_wconf 90' lang='lat' dir='ltr'><strong>corpus</strong></span> <span class='ocrx_word' id='word_1_57' title='bbox 1209 945 1216 982; x_wconf 92' lang='lat'>:</span> <span class='ocrx_word' id='word_1_58' title='bbox 1228 924 1279 982; x_wconf 91' lang='lat' dir='ltr'><strong>Zi-</strong></span> 
     </span>
     <span class='ocr_line' id='line_1_8' title="bbox 221 1012 1277 1096; baseline 0.001 -24"><span class='ocrx_word' id='word_1_59' title='bbox 221 1014 353 1074; x_wconf 90' lang='lat' dir='ltr'><strong>bellinas</strong></span> <span class='ocrx_word' id='word_1_60' title='bbox 371 1029 466 1075; x_wconf 79' lang='lat' dir='ltr'><strong>restes</strong></span> <span class='ocrx_word' id='word_1_61' title='bbox 487 1013 525 1074; x_wconf 86' lang='lat' dir='ltr'><strong>ad</strong></span> <span class='ocrx_word' id='word_1_62' title='bbox 546 1013 716 1074; x_wconf 87' lang='lat' dir='ltr'><strong>arcendum</strong></span> <span class='ocrx_word' id='word_1_63' title='bbox 734 1013 843 1095; x_wconf 77' lang='lat' dir='ltr'><strong>frigus.</strong></span> <span class='ocrx_word' id='word_1_64' title='bbox 861 1012 918 1074; x_wconf 87' lang='lat' dir='ltr'><strong>Sed</strong></span> <span class='ocrx_word' id='word_1_65' title='bbox 937 1033 984 1074; x_wconf 87' lang='lat' dir='ltr'><strong>res</strong></span> <span class='ocrx_word' id='word_1_66' title='bbox 1004 1015 1062 1075; x_wconf 87' lang='lat' dir='ltr'><strong>ista</strong></span> <span class='ocrx_word' id='word_1_67' title='bbox 1080 1014 1277 1096; x_wconf 77' lang='lat' dir='ltr'><strong>scaligerum</strong></span> 
     </span>
     <span class='ocr_line' id='line_1_9' title="bbox 223 1104 850 1188; baseline 0 -24"><span class='ocrx_word' id='word_1_68' title='bbox 223 1104 371 1188; x_wconf 83' lang='lat' dir='ltr'><strong>appellet,</strong></span> <span class='ocrx_word' id='word_1_69' title='bbox 387 1107 440 1188; x_wconf 90' lang='lat' dir='ltr'><strong>qui</strong></span> <span class='ocrx_word' id='word_1_70' title='bbox 453 1105 606 1166; x_wconf 79' lang='lat' dir='ltr'><strong>facundus</strong></span> <span class='ocrx_word' id='word_1_71' title='bbox 618 1107 652 1164; x_wconf 88' lang='lat' dir='ltr'><strong>in</strong></span> <span class='ocrx_word' id='word_1_72' title='bbox 666 1107 850 1165; x_wconf 82' lang='lat' dir='ltr'><strong>Homerum.</strong></span> 
     </span>
    </p>

    <p class='ocr_par' dir='ltr' id='par_1_3' title="bbox 223 1191 1276 1456">
     <span class='ocr_line' id='line_1_10' title="bbox 262 1191 1276 1275; baseline -0.001 -22"><span class='ocrx_word' id='word_1_73' title='bbox 262 1191 333 1275; x_wconf 65' lang='lat'><strong>470.</strong></span> <span class='ocrx_word' id='word_1_74' title='bbox 349 1197 396 1254; x_wconf 78' lang='lat' dir='ltr'><strong>An</strong></span> <span class='ocrx_word' id='word_1_75' title='bbox 412 1195 505 1255; x_wconf 85' lang='lat' dir='ltr'><strong>duces</strong></span> <span class='ocrx_word' id='word_1_76' title='bbox 523 1194 562 1254; x_wconf 93' lang='lat' dir='ltr'><strong>ad</strong></span> <span class='ocrx_word' id='word_1_77' title='bbox 580 1192 721 1254; x_wconf 80' lang='lat' dir='ltr'><strong>bellum?</strong></span> <span class='ocrx_word' id='word_1_78' title='bbox 734 1215 775 1254; x_wconf 84' lang='lat' dir='ltr'><strong>an</strong></span> <span class='ocrx_word' id='word_1_79' title='bbox 789 1192 986 1269; x_wconf 69' lang='lat' dir='ltr'><strong>menduces,</strong></span> <span class='ocrx_word' id='word_1_80' title='bbox 1001 1191 1091 1252; x_wconf 83' lang='lat' dir='ltr'><strong>idest</strong></span> <span class='ocrx_word' id='word_1_81' title='bbox 1105 1194 1276 1273; x_wconf 72' lang='lat' dir='ltr'><strong>magistros</strong></span> 
     </span>
     <span class='ocr_line' id='line_1_11' title="bbox 223 1282 1274 1367; baseline -0.002 -23"><span class='ocrx_word' id='word_1_82' title='bbox 223 1285 442 1366; x_wconf 76' lang='lat' dir='ltr'><strong>equorumlan</strong></span> <span class='ocrx_word' id='word_1_83' title='bbox 453 1285 544 1346; x_wconf 78' lang='lat' dir='ltr'><strong>duces</strong></span> <span class='ocrx_word' id='word_1_84' title='bbox 555 1286 703 1344; x_wconf 81' lang='lat' dir='ltr'><strong>maritimi</strong></span> <span class='ocrx_word' id='word_1_85' title='bbox 713 1305 832 1361; x_wconf 89' lang='lat' dir='ltr'><strong>cursus,</strong></span> <span class='ocrx_word' id='word_1_86' title='bbox 843 1285 897 1367; x_wconf 90' lang='lat' dir='ltr'><strong>qui</strong></span> <span class='ocrx_word' id='word_1_87' title='bbox 908 1284 1069 1346; x_wconf 83' lang='lat' dir='ltr'><strong>necessarii</strong></span> <span class='ocrx_word' id='word_1_88' title='bbox 1079 1282 1119 1343; x_wconf 86' lang='lat' dir='ltr'><strong>ad</strong></span> <span class='ocrx_word' id='word_1_89' title='bbox 1126 1283 1274 1365; x_wconf 81' lang='lat' dir='ltr'><strong>Scyllam,</strong></span> 
     </span>
     <span class='ocr_line' id='line_1_12' title="bbox 225 1372 614 1456; baseline -0.003 -23"><span class='ocrx_word' id='word_1_90' title='bbox 225 1387 255 1433; x_wconf 89' lang='lat' dir='ltr'><strong>et</strong></span> <span class='ocrx_word' id='word_1_91' title='bbox 267 1372 471 1456; x_wconf 75' lang='lat' dir='ltr'><strong>Charybdin?</strong></span> <span class='ocrx_word' id='word_1_92' title='bbox 482 1373 614 1456; x_wconf 88' lang='lat' dir='ltr'><strong>pendeo.</strong></span> 
     </span>
    </p>

    <p class='ocr_par' dir='ltr' id='par_1_4' title="bbox 182 1459 1277 1878">
     <span class='ocr_line' id='line_1_13' title="bbox 262 1459 1275 1544; baseline -0.003 -24"><span class='ocrx_word' id='word_1_93' title='bbox 262 1461 331 1542; x_wconf 74' lang='lat'><strong>471.</strong></span> <span class='ocrx_word' id='word_1_94' title='bbox 353 1463 470 1522; x_wconf 90' lang='lat' dir='ltr'><strong>Mortui</strong></span> <span class='ocrx_word' id='word_1_95' title='bbox 492 1464 623 1544; x_wconf 73' lang='lat' dir='ltr'><strong>&#39;remiges</strong></span> <span class='ocrx_word' id='word_1_96' title='bbox 646 1461 846 1544; x_wconf 80' lang='lat' dir='ltr'><strong>supplentur,</strong></span> <span class='ocrx_word' id='word_1_97' title='bbox 869 1459 986 1522; x_wconf 83' lang='lat' dir='ltr'><strong>dantur</strong></span> <span class='ocrx_word' id='word_1_98' title='bbox 1008 1471 1205 1522; x_wconf 80' lang='lat' dir='ltr'><strong>armamenta</strong></span> <span class='ocrx_word' id='word_1_99' title='bbox 1226 1478 1275 1517; x_wconf 88' lang='lat' dir='ltr'><strong>so·</strong></span> 
     </span>
     <span class='ocr_line' id='line_1_14' title="bbox 222 1549 1277 1636; baseline -0.005 -25"><span class='ocrx_word' id='word_1_100' title='bbox 222 1553 278 1612; x_wconf 87' lang='lat' dir='ltr'><strong>ciis</strong></span> <span class='ocrx_word' id='word_1_101' title='bbox 290 1550 471 1612; x_wconf 82' lang='lat' dir='ltr'><strong>navalibus:</strong></span> <span class='ocrx_word' id='word_1_102' title='bbox 486 1553 687 1636; x_wconf 79' lang='lat' dir='ltr'><strong>longissimus</strong></span> <span class='ocrx_word' id='word_1_103' title='bbox 701 1573 773 1613; x_wconf 86' lang='lat' dir='ltr'><strong>sane</strong></span> <span class='ocrx_word' id='word_1_104' title='bbox 784 1572 890 1614; x_wconf 87' lang='lat' dir='ltr'><strong>cursus</strong></span> <span class='ocrx_word' id='word_1_105' title='bbox 901 1563 931 1612; x_wconf 90' lang='lat' dir='ltr'><strong>et</strong></span> <span class='ocrx_word' id='word_1_106' title='bbox 942 1549 1014 1612; x_wconf 80' lang='lat' dir='ltr'><strong>illos</strong></span> <span class='ocrx_word' id='word_1_107' title='bbox 1026 1551 1233 1624; x_wconf 73' lang='lat' dir='ltr'><strong>absumeret,</strong></span> <span class='ocrx_word' id='word_1_108' title='bbox 1246 1559 1277 1608; x_wconf 90' lang='lat' dir='ltr'><strong>et</strong></span> 
     </span>
     <span class='ocr_line' id='line_1_15' title="bbox 224 1637 1276 1722; baseline -0.002 -24"><span class='ocrx_word' id='word_1_109' title='bbox 224 1637 290 1698; x_wconf 81' lang='lat' dir='ltr'><strong>baec</strong></span> <span class='ocrx_word' id='word_1_110' title='bbox 305 1653 496 1720; x_wconf 83' lang='lat' dir='ltr'><strong>corruperat.</strong></span> <span class='ocrx_word' id='word_1_111' title='bbox 515 1643 561 1702; x_wconf 87' lang='lat' dir='ltr'><strong>De</strong></span> <span class='ocrx_word' id='word_1_112' title='bbox 577 1641 756 1702; x_wconf 88' lang='lat' dir='ltr'><strong>discrimine</strong></span> <span class='ocrx_word' id='word_1_113' title='bbox 771 1641 942 1722; x_wconf 71' lang='lat' dir='ltr'><strong>remigum,</strong></span> <span class='ocrx_word' id='word_1_114' title='bbox 959 1651 986 1699; x_wconf 84' lang='lat' dir='ltr'><strong>et</strong></span> <span class='ocrx_word' id='word_1_115' title='bbox 1005 1641 1164 1704; x_wconf 83' lang='lat' dir='ltr'><strong>sociorum</strong></span> <span class='ocrx_word' id='word_1_116' title='bbox 1181 1658 1276 1697; x_wconf 86' lang='lat' dir='ltr'><strong>nava-</strong></span> 
     </span>
     <span class='ocr_line' id='line_1_16' title="bbox 222 1724 1275 1812; baseline 0 -26"><span class='ocrx_word' id='word_1_117' title='bbox 222 1725 317 1801; x_wconf 82' lang='lat' dir='ltr'><strong>lium,</strong></span> <span class='ocrx_word' id='word_1_118' title='bbox 333 1724 408 1786; x_wconf 89' lang='lat' dir='ltr'><strong>alibi</strong></span> <span class='ocrx_word' id='word_1_119' title='bbox 425 1728 556 1810; x_wconf 89' lang='lat' dir='ltr'><strong>loquor:</strong></span> <span class='ocrx_word' id='word_1_120' title='bbox 570 1727 672 1790; x_wconf 90' lang='lat' dir='ltr'><strong>nolim</strong></span> <span class='ocrx_word' id='word_1_121' title='bbox 684 1749 741 1812; x_wconf 80' lang='lat' dir='ltr'><strong>per</strong></span> <span class='ocrx_word' id='word_1_122' title='bbox 754 1750 838 1790; x_wconf 80' lang='lat' dir='ltr'><strong>amsa</strong></span> <span class='ocrx_word' id='word_1_123' title='bbox 855 1729 1010 1809; x_wconf 73' lang='lat' dir='ltr'><strong>intelligas</strong></span> <span class='ocrx_word' id='word_1_124' title='bbox 1024 1728 1189 1804; x_wconf 83' lang='lat' dir='ltr'><strong>militaria,</strong></span> <span class='ocrx_word' id='word_1_125' title='bbox 1207 1730 1275 1786; x_wconf 79' lang='lat' dir='ltr'><strong>tan-</strong></span> 
     </span>
     <span class='ocr_line' id='line_1_17' title="bbox 182 1816 436 1878; baseline 0.008 -5"><span class='ocrx_word' id='word_1_126' title='bbox 182 1871 188 1878; x_wconf 69' lang='grc'><strong>,</strong></span> <span class='ocrx_word' id='word_1_127' title='bbox 222 1826 291 1874; x_wconf 90' lang='lat' dir='ltr'><strong>tum</strong></span> <span class='ocrx_word' id='word_1_128' title='bbox 298 1816 436 1875; x_wconf 85' lang='lat' dir='ltr'><strong>nautica.</strong></span> 
     </span>
    </p>

    <p class='ocr_par' dir='ltr' id='par_1_5' title="bbox 225 1897 1277 2076">
     <span class='ocr_line' id='line_1_18' title="bbox 263 1897 1277 1987; baseline 0.002 -27"><span class='ocrx_word' id='word_1_129' title='bbox 263 1897 333 1981; x_wconf 70' lang='lat'><strong>472.</strong></span> <span class='ocrx_word' id='word_1_130' title='bbox 346 1905 390 1964; x_wconf 89' lang='lat' dir='ltr'><strong>Ex</strong></span> <span class='ocrx_word' id='word_1_131' title='bbox 404 1903 516 1963; x_wconf 87' lang='lat' dir='ltr'><strong>decoro</strong></span> <span class='ocrx_word' id='word_1_132' title='bbox 531 1903 645 1964; x_wconf 83' lang='lat' dir='ltr'><strong>seniori</strong></span> <span class='ocrx_word' id='word_1_133' title='bbox 658 1903 797 1968; x_wconf 73' lang='lat' dir='ltr'><strong>Anchisae</strong></span> <span class='ocrx_word' id='word_1_134' title='bbox 809 1903 875 1968; x_wconf 82' lang='lat' dir='ltr'><strong>baee</strong></span> <span class='ocrx_word' id='word_1_135' title='bbox 886 1925 1007 1987; x_wconf 80' lang='lat' dir='ltr'><strong>semper</strong></span> <span class='ocrx_word' id='word_1_136' title='bbox 1023 1904 1097 1965; x_wconf 77' lang='lat' dir='ltr'><strong>eura</strong></span> <span class='ocrx_word' id='word_1_137' title='bbox 1109 1903 1218 1978; x_wconf 76' lang='lat' dir='ltr'><strong>datur,</strong></span> <span class='ocrx_word' id='word_1_138' title='bbox 1233 1904 1277 1962; x_wconf 88' lang='lat' dir='ltr'><strong>sie</strong></span> 
     </span>
     <span class='ocr_line' id='line_1_19' title="bbox 225 1989 1223 2076; baseline 0.001 -26"><span class='ocrx_word' id='word_1_139' title='bbox 225 2008 319 2070; x_wconf 81' lang='lat' dir='ltr'><strong>supra</strong></span> <span class='ocrx_word' id='word_1_140' title='bbox 334 1989 426 2050; x_wconf 83' lang='lat' dir='ltr'><strong>idern.</strong></span> <span class='ocrx_word' id='word_1_141' title='bbox 435 1993 494 2076; x_wconf 68' lang='lat' dir='ltr'><strong>¹Est</strong></span> <span class='ocrx_word' id='word_1_142' title='bbox 504 1993 708 2075; x_wconf 70' lang='lat' dir='ltr'><strong>tentassemus</strong></span> <span class='ocrx_word' id='word_1_143' title='bbox 720 1993 887 2070; x_wconf 85' lang='lat' dir='ltr'><strong>secundus,</strong></span> <span class='ocrx_word' id='word_1_144' title='bbox 900 2007 931 2056; x_wconf 86' lang='lat' dir='ltr'><strong>et</strong></span> <span class='ocrx_word' id='word_1_145' title='bbox 944 1995 998 2076; x_wconf 89' lang='lat' dir='ltr'><strong>qui</strong></span> <span class='ocrx_word' id='word_1_146' title='bbox 1011 1992 1065 2052; x_wconf 85' lang='lat' dir='ltr'><strong>flat</strong></span> <span class='ocrx_word' id='word_1_147' title='bbox 1077 2015 1095 2052; x_wconf 91' lang='lat' dir='ltr'><strong>a</strong></span> <span class='ocrx_word' id='word_1_148' title='bbox 1109 1993 1223 2074; x_wconf 88' lang='lat' dir='ltr'><strong>puppi.</strong></span> 
     </span>
    </p>

    <p class='ocr_par' dir='ltr' id='par_1_6' title="bbox 226 2076 1279 2254">
     <span class='ocr_line' id='line_1_20' title="bbox 264 2076 1279 2168; baseline 0 -29"><span class='ocrx_word' id='word_1_149' title='bbox 264 2076 335 2162; x_wconf 68' lang='lat'><strong>474.</strong></span> <span class='ocrx_word' id='word_1_150' title='bbox 356 2081 392 2140; x_wconf 95' lang='lat' dir='ltr'><strong>ln</strong></span> <span class='ocrx_word' id='word_1_151' title='bbox 410 2083 512 2142; x_wconf 85' lang='lat' dir='ltr'><strong>verbis</strong></span> <span class='ocrx_word' id='word_1_152' title='bbox 527 2081 669 2168; x_wconf 84' lang='lat' dir='ltr'><strong>compello</strong></span> <span class='ocrx_word' id='word_1_153' title='bbox 687 2098 718 2144; x_wconf 88' lang='lat' dir='ltr'><strong>et</strong></span> <span class='ocrx_word' id='word_1_154' title='bbox 733 2083 850 2168; x_wconf 80' lang='lat' dir='ltr'><strong>appello</strong></span> <span class='ocrx_word' id='word_1_155' title='bbox 868 2083 1177 2144; x_wconf 77' lang='lat' dir='ltr'><strong>insunt-blanditiae:</strong></span> <span class='ocrx_word' id='word_1_156' title='bbox 1199 2082 1279 2144; x_wconf 88' lang='lat' dir='ltr'><strong>dicit</strong></span> 
     </span>
     <span class='ocr_line' id='line_1_21' title="bbox 226 2166 986 2254; baseline 0.007 -27"><span class='ocrx_word' id='word_1_157' title='bbox 226 2166 318 2228; x_wconf 84' lang='lat' dir='ltr'><strong>multo</strong></span> <span class='ocrx_word' id='word_1_158' title='bbox 331 2166 452 2245; x_wconf 72' lang='lat' dir='ltr'><strong>honore,</strong></span> <span class='ocrx_word' id='word_1_159' title='bbox 466 2183 594 2253; x_wconf 88' lang='lat' dir='ltr'><strong>propter</strong></span> <span class='ocrx_word' id='word_1_160' title='bbox 608 2171 709 2254; x_wconf 79' lang='lat' dir='ltr'><strong>elogia</strong></span> <span class='ocrx_word' id='word_1_161' title='bbox 721 2193 791 2254; x_wconf 80' lang='lat' dir='ltr'><strong>quae</strong></span> <span class='ocrx_word' id='word_1_162' title='bbox 805 2185 986 2254; x_wconf 84' lang='lat' dir='ltr'><strong>sequuntur.</strong></span> 
     </span>
    </p>

    <p class='ocr_par' dir='ltr' id='par_1_7' title="bbox 227 2253 1280 2607">
     <span class='ocr_line' id='line_1_22' title="bbox 264 2253 1276 2348; baseline 0 -33"><span class='ocrx_word' id='word_1_163' title='bbox 264 2253 333 2338; x_wconf 71' lang='grc'><strong>475.</strong></span> <span class='ocrx_word' id='word_1_164' title='bbox 344 2258 486 2333; x_wconf 78' lang='lat' dir='ltr'><strong>Quantus</strong></span> <span class='ocrx_word' id='word_1_165' title='bbox 496 2272 545 2334; x_wconf 93' lang='lat' dir='ltr'><strong>tu,</strong></span> <span class='ocrx_word' id='word_1_166' title='bbox 557 2259 866 2340; x_wconf 77' lang='lat' dir='ltr'><strong>quidignusVeneris</strong></span> <span class='ocrx_word' id='word_1_167' title='bbox 875 2257 1030 2348; x_wconf 74' lang='lat' dir='ltr'><strong>eonjuqio?</strong></span> <span class='ocrx_word' id='word_1_168' title='bbox 1039 2259 1120 2319; x_wconf 86' lang='lat' dir='ltr'><strong>Nota</strong></span> <span class='ocrx_word' id='word_1_169' title='bbox 1128 2255 1276 2318; x_wconf 84' lang='lat' dir='ltr'><strong>verbum:</strong></span> 
     </span>
     <span class='ocr_line' id='line_1_23' title="bbox 227 2343 1280 2427; baseline 0 -24"><span class='ocrx_word' id='word_1_170' title='bbox 227 2357 368 2424; x_wconf 89' lang='lat' dir='ltr'><strong>stuprum</strong></span> <span class='ocrx_word' id='word_1_171' title='bbox 380 2345 439 2404; x_wconf 84' lang='lat' dir='ltr'><strong>luit</strong></span> <span class='ocrx_word' id='word_1_172' title='bbox 449 2345 546 2417; x_wconf 87' lang='lat' dir='ltr'><strong>istud;</strong></span> <span class='ocrx_word' id='word_1_173' title='bbox 559 2367 630 2404; x_wconf 88' lang='lat' dir='ltr'><strong>narn</strong></span> <span class='ocrx_word' id='word_1_174' title='bbox 644 2346 758 2427; x_wconf 75' lang='lat' dir='ltr'><strong>conjux</strong></span> <span class='ocrx_word' id='word_1_175' title='bbox 767 2349 895 2408; x_wconf 84' lang='lat' dir='ltr'><strong>Veneris</strong></span> <span class='ocrx_word' id='word_1_176' title='bbox 905 2361 1028 2408; x_wconf 86' lang='lat' dir='ltr'><strong>tantum</strong></span> <span class='ocrx_word' id='word_1_177' title='bbox 1037 2346 1213 2420; x_wconf 73' lang='lat' dir='ltr'><strong>Vulcanus,</strong></span> <span class='ocrx_word' id='word_1_178' title='bbox 1226 2343 1280 2405; x_wconf 89' lang='lat' dir='ltr'><strong>sed</strong></span> 
     </span>
     <span class='ocr_line' id='line_1_24' title="bbox 227 2430 1279 2516; baseline 0.002 -27"><span class='ocrx_word' id='word_1_179' title='bbox 227 2431 308 2490; x_wconf 83' lang='lat' dir='ltr'><strong>velat</strong></span> <span class='ocrx_word' id='word_1_180' title='bbox 321 2444 411 2511; x_wconf 80' lang='lat' dir='ltr'><strong>poeto</strong></span> <span class='ocrx_word' id='word_1_181' title='bbox 424 2430 561 2489; x_wconf 85' lang='lat' dir='ltr'><strong>honestis</strong></span> <span class='ocrx_word' id='word_1_182' title='bbox 572 2435 768 2511; x_wconf 88' lang='lat' dir='ltr'><strong>nominibus,</strong></span> <span class='ocrx_word' id='word_1_183' title='bbox 779 2455 848 2516; x_wconf 79' lang='lat' dir='ltr'><strong>quae</strong></span> <span class='ocrx_word' id='word_1_184' title='bbox 858 2437 963 2496; x_wconf 87' lang='lat' dir='ltr'><strong>minus</strong></span> <span class='ocrx_word' id='word_1_185' title='bbox 973 2435 1081 2496; x_wconf 89' lang='lat' dir='ltr'><strong>decent</strong></span> <span class='ocrx_word' id='word_1_186' title='bbox 1092 2436 1279 2515; x_wconf 78' lang='lat' dir='ltr'><strong>dignitatem</strong></span> 
     </span>
     <span class='ocr_line' id='line_1_25' title="bbox 228 2520 965 2607; baseline 0 -23"><span class='ocrx_word' id='word_1_187' title='bbox 228 2520 370 2584; x_wconf 70' lang='lat' dir='ltr'><strong>Anchisae</strong></span> <span class='ocrx_word' id='word_1_188' title='bbox 381 2521 491 2601; x_wconf 87' lang='lat' dir='ltr'><strong>patris,</strong></span> <span class='ocrx_word' id='word_1_189' title='bbox 503 2521 606 2581; x_wconf 78' lang='lat' dir='ltr'><strong>AEnem</strong></span> <span class='ocrx_word' id='word_1_190' title='bbox 615 2523 687 2597; x_wconf 84' lang='lat' dir='ltr'><strong>filii,</strong></span> <span class='ocrx_word' id='word_1_191' title='bbox 701 2527 821 2584; x_wconf 74' lang='lat' dir='ltr'><strong>Ascanii</strong></span> <span class='ocrx_word' id='word_1_192' title='bbox 835 2529 965 2607; x_wconf 87' lang='lat' dir='ltr'><strong>nepotis.</strong></span> 
     </span>
    </p>

    <p class='ocr_par' dir='ltr' id='par_1_8' title="bbox 227 2607 1340 2870">
     <span class='ocr_line' id='line_1_26' title="bbox 268 2607 1340 2694; baseline 0.004 -28"><span class='ocrx_word' id='word_1_193' title='bbox 268 2608 336 2690; x_wconf 69' lang='lat'><strong>476.</strong></span> <span class='ocrx_word' id='word_1_194' title='bbox 353 2609 415 2666; x_wconf 82' lang='lat' dir='ltr'><strong>Gur</strong></span> <span class='ocrx_word' id='word_1_195' title='bbox 426 2611 522 2668; x_wconf 80' lang='lat' dir='ltr'><strong>Deum</strong></span> <span class='ocrx_word' id='word_1_196' title='bbox 533 2609 625 2668; x_wconf 78' lang='lat' dir='ltr'><strong>curo?</strong></span> <span class='ocrx_word' id='word_1_197' title='bbox 635 2611 710 2690; x_wconf 82' lang='lat' dir='ltr'><strong>quia</strong></span> <span class='ocrx_word' id='word_1_198' title='bbox 721 2612 769 2670; x_wconf 83' lang='lat' dir='ltr'><strong>bis</strong></span> <span class='ocrx_word' id='word_1_199' title='bbox 779 2625 902 2694; x_wconf 86' lang='lat' dir='ltr'><strong>ereptus</strong></span> <span class='ocrx_word' id='word_1_200' title='bbox 914 2610 1048 2693; x_wconf 79' lang='lat' dir='ltr'><strong>Trojano</strong></span> <span class='ocrx_word' id='word_1_201' title='bbox 1062 2613 1172 2686; x_wconf 85' lang='lat' dir='ltr'><strong>ruina,</strong></span> <span class='ocrx_word' id='word_1_202' title='bbox 1185 2611 1279 2672; x_wconf 89' lang='lat' dir='ltr'><strong>semel</strong></span> <span class='ocrx_word' id='word_1_203' title='bbox 1339 2607 1340 2624; x_wconf 59' lang='lat'>¹</span> 
     </span>
     <span class='ocr_line' id='line_1_27' title="bbox 228 2696 1278 2778; baseline -0.004 -18"><span class='ocrx_word' id='word_1_204' title='bbox 228 2698 286 2760; x_wconf 89' lang='lat' dir='ltr'><strong>sub</strong></span> <span class='ocrx_word' id='word_1_205' title='bbox 301 2696 527 2770; x_wconf 85' lang='lat' dir='ltr'><strong>Laomedonte,</strong></span> <span class='ocrx_word' id='word_1_206' title='bbox 547 2718 645 2778; x_wconf 90' lang='lat' dir='ltr'><strong>quum</strong></span> <span class='ocrx_word' id='word_1_207' title='bbox 659 2699 805 2760; x_wconf 87' lang='lat' dir='ltr'><strong>Hercules</strong></span> <span class='ocrx_word' id='word_1_208' title='bbox 820 2699 930 2760; x_wconf 85' lang='lat' dir='ltr'><strong>urbem</strong></span> <span class='ocrx_word' id='word_1_209' title='bbox 945 2697 1071 2772; x_wconf 82' lang='lat' dir='ltr'><strong>excidit3</strong></span> <span class='ocrx_word' id='word_1_210' title='bbox 1091 2700 1204 2760; x_wconf 90' lang='lat' dir='ltr'><strong>iterum</strong></span> <span class='ocrx_word' id='word_1_211' title='bbox 1220 2697 1278 2760; x_wconf 90' lang='lat' dir='ltr'><strong>sub</strong></span> 
     </span>
     <span class='ocr_line' id='line_1_28' title="bbox 227 2789 608 2870; baseline -0.003 -21"><span class='ocrx_word' id='word_1_212' title='bbox 227 2790 371 2862; x_wconf 84' lang='lat' dir='ltr'><strong>Priamo,</strong></span> <span class='ocrx_word' id='word_1_213' title='bbox 386 2809 482 2870; x_wconf 85' lang='lat' dir='ltr'><strong>quum</strong></span> <span class='ocrx_word' id='word_1_214' title='bbox 497 2789 608 2850; x_wconf 80' lang='lat' dir='ltr'><strong>Graeci.</strong></span> 
     </span>
    </p>

    <p class='ocr_par' dir='ltr' id='par_1_9' title="bbox 144 2875 1280 3225">
     <span class='ocr_line' id='line_1_29' title="bbox 267 2875 1280 2960; baseline 0.001 -24"><span class='ocrx_word' id='word_1_215' title='bbox 267 2875 337 2960; x_wconf 69' lang='lat'><strong>477.</strong></span> <span class='ocrx_word' id='word_1_216' title='bbox 360 2880 540 2958; x_wconf 83' lang='lat' dir='ltr'><strong>Respectum</strong></span> <span class='ocrx_word' id='word_1_217' title='bbox 560 2876 598 2938; x_wconf 89' lang='lat' dir='ltr'><strong>ad</strong></span> <span class='ocrx_word' id='word_1_218' title='bbox 613 2878 777 2937; x_wconf 85' lang='lat' dir='ltr'><strong>circuitum</strong></span> <span class='ocrx_word' id='word_1_219' title='bbox 796 2878 902 2953; x_wconf 83' lang='lat' dir='ltr'><strong>illum,</strong></span> <span class='ocrx_word' id='word_1_220' title='bbox 919 2897 1012 2958; x_wconf 87' lang='lat' dir='ltr'><strong>quem</strong></span> <span class='ocrx_word' id='word_1_221' title='bbox 1027 2875 1093 2957; x_wconf 87' lang='lat' dir='ltr'><strong>jam</strong></span> <span class='ocrx_word' id='word_1_222' title='bbox 1112 2898 1207 2959; x_wconf 88' lang='lat' dir='ltr'><strong>supra</strong></span> <span class='ocrx_word' id='word_1_223' title='bbox 1225 2877 1280 2937; x_wconf 91' lang='lat' dir='ltr'><strong>do·</strong></span> 
     </span>
     <span class='ocr_line' id='line_1_30' title="bbox 144 2963 1278 3046; baseline -0.001 -20"><span class='ocrx_word' id='word_1_224' title='bbox 144 2981 147 2987; x_wconf 88' lang='grc'><strong>’</strong></span> <span class='ocrx_word' id='word_1_225' title='bbox 227 2968 308 3026; x_wconf 89' lang='lat' dir='ltr'><strong>cuit:</strong></span> <span class='ocrx_word' id='word_1_226' title='bbox 325 2987 360 3025; x_wconf 82' lang='lat' dir='ltr'><strong>ex</strong></span> <span class='ocrx_word' id='word_1_227' title='bbox 373 2967 469 3046; x_wconf 89' lang='lat' dir='ltr'><strong>Epiro</strong></span> <span class='ocrx_word' id='word_1_228' title='bbox 482 2967 565 3024; x_wconf 87' lang='lat' dir='ltr'><strong>enim</strong></span> <span class='ocrx_word' id='word_1_229' title='bbox 579 2965 668 3024; x_wconf 85' lang='lat' dir='ltr'><strong>ltalia</strong></span> <span class='ocrx_word' id='word_1_230' title='bbox 680 2967 835 3025; x_wconf 89' lang='lat' dir='ltr'><strong>cernitur:</strong></span> <span class='ocrx_word' id='word_1_231' title='bbox 851 2985 940 3046; x_wconf 75' lang='lat' dir='ltr'><strong>ergo;</strong></span> <span class='ocrx_word' id='word_1_232' title='bbox 954 2983 1022 3024; x_wconf 86' lang='lat' dir='ltr'><strong>ecce</strong></span> <span class='ocrx_word' id='word_1_233' title='bbox 1036 2963 1194 3041; x_wconf 75' lang='lat' dir='ltr'><strong>entellus,</strong></span> <span class='ocrx_word' id='word_1_234' title='bbox 1209 2986 1278 3045; x_wconf 83' lang='lat' dir='ltr'><strong>quae</strong></span> 
     </span>
     <span class='ocr_line' id='line_1_31' title="bbox 226 3050 1279 3134; baseline -0.004 -19"><span class='ocrx_word' id='word_1_235' title='bbox 226 3053 300 3126; x_wconf 86' lang='lat' dir='ltr'><strong>tibi,</strong></span> <span class='ocrx_word' id='word_1_236' title='bbox 319 3073 388 3134; x_wconf 79' lang='lat' dir='ltr'><strong>quae</strong></span> <span class='ocrx_word' id='word_1_237' title='bbox 405 3055 466 3111; x_wconf 87' lang='lat' dir='ltr'><strong>tuis</strong></span> <span class='ocrx_word' id='word_1_238' title='bbox 484 3051 555 3112; x_wconf 81' lang='lat' dir='ltr'><strong>latis</strong></span> <span class='ocrx_word' id='word_1_239' title='bbox 573 3055 742 3132; x_wconf 88' lang='lat' dir='ltr'><strong>promissa:</strong></span> <span class='ocrx_word' id='word_1_240' title='bbox 761 3075 796 3114; x_wconf 90' lang='lat' dir='ltr'><strong>ea</strong></span> <span class='ocrx_word' id='word_1_241' title='bbox 813 3051 871 3116; x_wconf 90' lang='lat' dir='ltr'><strong>tibi</strong></span> <span class='ocrx_word' id='word_1_242' title='bbox 890 3050 1079 3134; x_wconf 83' lang='lat' dir='ltr'><strong>arripienda3</strong></span> <span class='ocrx_word' id='word_1_243' title='bbox 1100 3051 1154 3112; x_wconf 90' lang='lat' dir='ltr'><strong>sed</strong></span> <span class='ocrx_word' id='word_1_244' title='bbox 1173 3066 1279 3112; x_wconf 87' lang='lat' dir='ltr'><strong>tamen</strong></span> 
     </span>
     <span class='ocr_line' id='line_1_32' title="bbox 227 3139 1277 3225; baseline -0.004 -23"><span class='ocrx_word' id='word_1_245' title='bbox 227 3144 314 3225; x_wconf 89' lang='lat' dir='ltr'><strong>prius</strong></span> <span class='ocrx_word' id='word_1_246' title='bbox 327 3139 546 3198; x_wconf 85' lang='lat' dir='ltr'><strong>circumeunda</strong></span> <span class='ocrx_word' id='word_1_247' title='bbox 559 3141 674 3198; x_wconf 79' lang='lat' dir='ltr'><strong>maria:</strong></span> <span class='ocrx_word' id='word_1_248' title='bbox 689 3142 731 3200; x_wconf 86' lang='lat' dir='ltr'><strong>sic</strong></span> <span class='ocrx_word' id='word_1_249' title='bbox 743 3140 929 3223; x_wconf 85' lang='lat' dir='ltr'><strong>disponente</strong></span> <span class='ocrx_word' id='word_1_250' title='bbox 939 3141 1117 3201; x_wconf 85' lang='lat' dir='ltr'><strong>necessitate</strong></span> <span class='ocrx_word' id='word_1_251' title='bbox 1127 3139 1277 3200; x_wconf 86' lang='lat' dir='ltr'><strong>fatorum.</strong></span> 
     </span>
    </p>

    <p class='ocr_par' dir='ltr' id='par_1_10' title="bbox 227 3226 1338 3487">
     <span class='ocr_line' id='line_1_33' title="bbox 268 3226 1278 3311; baseline 0 -25"><span class='ocrx_word' id='word_1_252' title='bbox 268 3227 338 3311; x_wconf 61' lang='lat'><strong>479.</strong></span> <span class='ocrx_word' id='word_1_253' title='bbox 353 3227 495 3286; x_wconf 87' lang='lat' dir='ltr'><strong>Ostendit</strong></span> <span class='ocrx_word' id='word_1_254' title='bbox 511 3245 620 3304; x_wconf 73' lang='lat' dir='ltr'><strong>agrum</strong></span> <span class='ocrx_word' id='word_1_255' title='bbox 636 3229 815 3305; x_wconf 85' lang='lat' dir='ltr'><strong>Lavinium,</strong></span> <span class='ocrx_word' id='word_1_256' title='bbox 833 3249 926 3308; x_wconf 90' lang='lat' dir='ltr'><strong>quern</strong></span> <span class='ocrx_word' id='word_1_257' title='bbox 937 3227 1047 3287; x_wconf 88' lang='lat' dir='ltr'><strong>debeat</strong></span> <span class='ocrx_word' id='word_1_258' title='bbox 1061 3227 1216 3308; x_wconf 85' lang='lat' dir='ltr'><strong>arripere,</strong></span> <span class='ocrx_word' id='word_1_259' title='bbox 1228 3226 1278 3308; x_wconf 89' lang='lat' dir='ltr'><strong>ju·</strong></span> 
     </span>
     <span class='ocr_line' id='line_1_34' title="bbox 227 3314 1338 3400; baseline 0.002 -20"><span class='ocrx_word' id='word_1_260' title='bbox 227 3335 320 3382; x_wconf 80' lang='lat' dir='ltr'><strong>vante</strong></span> <span class='ocrx_word' id='word_1_261' title='bbox 332 3339 386 3400; x_wconf 90' lang='lat' dir='ltr'><strong>per</strong></span> <span class='ocrx_word' id='word_1_262' title='bbox 398 3315 524 3376; x_wconf 86' lang='lat' dir='ltr'><strong>oracula</strong></span> <span class='ocrx_word' id='word_1_263' title='bbox 536 3314 696 3395; x_wconf 86' lang='lat' dir='ltr'><strong>Apolline;</strong></span> <span class='ocrx_word' id='word_1_264' title='bbox 712 3320 799 3398; x_wconf 83' lang='lat' dir='ltr'><strong>quasi</strong></span> <span class='ocrx_word' id='word_1_265' title='bbox 811 3318 912 3377; x_wconf 86' lang='lat' dir='ltr'><strong>dicat:</strong></span> <span class='ocrx_word' id='word_1_266' title='bbox 928 3339 998 3400; x_wconf 90' lang='lat' dir='ltr'><strong>pars</strong></span> <span class='ocrx_word' id='word_1_267' title='bbox 1013 3317 1068 3375; x_wconf 88' lang='lat' dir='ltr'><strong>illa</strong></span> <span class='ocrx_word' id='word_1_268' title='bbox 1080 3315 1198 3394; x_wconf 75' lang='lat' dir='ltr'><strong>ltaliae,</strong></span> <span class='ocrx_word' id='word_1_269' title='bbox 1212 3338 1278 3377; x_wconf 89' lang='lat' dir='ltr'><strong>non</strong></span> <span class='ocrx_word' id='word_1_270' title='bbox 1337 3375 1338 3382; x_wconf 72' lang='grc'>,</span> 
     </span>
     <span class='ocr_line' id='line_1_35' title="bbox 229 3401 1338 3487; baseline -0.004 -19"><span class='ocrx_word' id='word_1_271' title='bbox 229 3409 306 3480; x_wconf 80' lang='lat' dir='ltr'><strong>alia,</strong></span> <span class='ocrx_word' id='word_1_272' title='bbox 318 3401 495 3484; x_wconf 80' lang='lat' dir='ltr'><strong>arripienda</strong></span> <span class='ocrx_word' id='word_1_273' title='bbox 507 3414 554 3464; x_wconf 82' lang='lat' dir='ltr'><strong>ost</strong></span> <span class='ocrx_word' id='word_1_274' title='bbox 565 3401 639 3477; x_wconf 90' lang='lat' dir='ltr'><strong>tibi;</strong></span> <span class='ocrx_word' id='word_1_275' title='bbox 650 3401 731 3464; x_wconf 85' lang='lat' dir='ltr'><strong>hanc</strong></span> <span class='ocrx_word' id='word_1_276' title='bbox 744 3405 829 3466; x_wconf 89' lang='lat' dir='ltr'><strong>euim</strong></span> <span class='ocrx_word' id='word_1_277' title='bbox 840 3405 953 3486; x_wconf 79' lang='lat' dir='ltr'><strong>Apollo</strong></span> <span class='ocrx_word' id='word_1_278' title='bbox 964 3403 1084 3487; x_wconf 84' lang='lat' dir='ltr'><strong>pandit.</strong></span> <span class='ocrx_word' id='word_1_279' title='bbox 1337 3403 1338 3406; x_wconf 69' lang='grc'>’</span> 
     </span>
    </p>

    <p class='ocr_par' dir='ltr' id='par_1_11' title="bbox 266 3489 1278 3573">
     <span class='ocr_line' id='line_1_36' title="bbox 266 3489 1278 3573; baseline -0.002 -23"><span class='ocrx_word' id='word_1_280' title='bbox 266 3491 336 3566; x_wconf 70' lang='grc'><strong>480.</strong></span> <span class='ocrx_word' id='word_1_281' title='bbox 351 3491 411 3550; x_wconf 84' lang='lat' dir='ltr'><strong>Vix</strong></span> <span class='ocrx_word' id='word_1_282' title='bbox 429 3491 532 3570; x_wconf 82' lang='lat' dir='ltr'><strong>copias</strong></span> <span class='ocrx_word' id='word_1_283' title='bbox 548 3492 699 3551; x_wconf 82' lang='lat' dir='ltr'><strong>sermonis</strong></span> <span class='ocrx_word' id='word_1_284' title='bbox 717 3489 810 3572; x_wconf 83' lang='lat' dir='ltr'><strong>hujus</strong></span> <span class='ocrx_word' id='word_1_285' title='bbox 828 3491 998 3566; x_wconf 82' lang='lat' dir='ltr'><strong>aflectum,</strong></span> <span class='ocrx_word' id='word_1_286' title='bbox 1018 3492 1060 3550; x_wconf 86' lang='lat' dir='ltr'><strong>ita</strong></span> <span class='ocrx_word' id='word_1_287' title='bbox 1079 3511 1215 3573; x_wconf 77' lang='lat' dir='ltr'><strong>magnus</strong></span> <span class='ocrx_word' id='word_1_288' title='bbox 1235 3502 1278 3548; x_wconf 89' lang='lat' dir='ltr'><strong>est</strong></span> 
     </span>
    </p>
   </div>
   <div class='ocr_carea' id='block_1_3' title="bbox 227 3578 1277 3842">
    <p class='ocr_par' dir='ltr' id='par_1_12' title="bbox 227 3578 1277 3842">
     <span class='ocr_line' id='line_1_37' title="bbox 227 3578 1276 3666; baseline -0.004 -24"><span class='ocrx_word' id='word_1_289' title='bbox 227 3595 320 3666; x_wconf 84' lang='lat' dir='ltr'><strong>poeta</strong></span> <span class='ocrx_word' id='word_1_290' title='bbox 335 3582 369 3638; x_wconf 92' lang='lat' dir='ltr'><strong>in</strong></span> <span class='ocrx_word' id='word_1_291' title='bbox 383 3578 557 3640; x_wconf 83' lang='lat' dir='ltr'><strong>indicendis</strong></span> <span class='ocrx_word' id='word_1_292' title='bbox 572 3583 713 3642; x_wconf 84' lang='lat' dir='ltr'><strong>sensibus</strong></span> <span class='ocrx_word' id='word_1_293' title='bbox 726 3583 915 3642; x_wconf 84' lang='lat' dir='ltr'><strong>animorum.</strong></span> <span class='ocrx_word' id='word_1_294' title='bbox 931 3582 1009 3658; x_wconf 85' lang='lat' dir='ltr'><strong>Quoe</strong></span> <span class='ocrx_word' id='word_1_295' title='bbox 1024 3579 1076 3640; x_wconf 89' lang='lat' dir='ltr'><strong>bic</strong></span> <span class='ocrx_word' id='word_1_296' title='bbox 1092 3583 1276 3664; x_wconf 89' lang='lat' dir='ltr'><strong>interpretes</strong></span> 
     </span>
     <span class='ocr_line' id='line_1_38' title="bbox 228 3667 1043 3752; baseline 0 -24"><span class='ocrx_word' id='word_1_297' title='bbox 228 3670 267 3730; x_wconf 90' lang='lat' dir='ltr'><strong>de</strong></span> <span class='ocrx_word' id='word_1_298' title='bbox 281 3667 429 3726; x_wconf 87' lang='lat' dir='ltr'><strong>vaticinio</strong></span> <span class='ocrx_word' id='word_1_299' title='bbox 444 3669 552 3728; x_wconf 87' lang='lat' dir='ltr'><strong>mortis</strong></span> <span class='ocrx_word' id='word_1_300' title='bbox 565 3667 783 3742; x_wconf 82' lang='lat' dir='ltr'><strong>Ancbisoe‚vix</strong></span> <span class='ocrx_word' id='word_1_301' title='bbox 795 3681 886 3728; x_wconf 86' lang='lat' dir='ltr'><strong>estut</strong></span> <span class='ocrx_word' id='word_1_302' title='bbox 901 3668 1043 3752; x_wconf 88' lang='lat' dir='ltr'><strong>probem.</strong></span> 
     </span>
     <span class='ocr_line' id='line_1_39' title="bbox 267 3755 1277 3842; baseline -0.006 -22"><span class='ocrx_word' id='word_1_303' title='bbox 267 3755 336 3833; x_wconf 71' lang='lat'><strong>482.</strong></span> <span class='ocrx_word' id='word_1_304' title='bbox 350 3761 431 3825; x_wconf 78' lang='grc' dir='ltr'><strong>Πάθος</strong></span> <span class='ocrx_word' id='word_1_305' title='bbox 441 3777 458 3816; x_wconf 83' lang='lat' dir='ltr'><strong>a</strong></span> <span class='ocrx_word' id='word_1_306' title='bbox 470 3760 699 3818; x_wconf 85' lang='lat' dir='ltr'><strong>circumstantia</strong></span> <span class='ocrx_word' id='word_1_307' title='bbox 711 3761 876 3842; x_wconf 90' lang='lat' dir='ltr'><strong>temporis:</strong></span> <span class='ocrx_word' id='word_1_308' title='bbox 893 3760 964 3820; x_wconf 89' lang='lat' dir='ltr'><strong>ideo</strong></span> <span class='ocrx_word' id='word_1_309' title='bbox 977 3760 1060 3820; x_wconf 90' lang='lat' dir='ltr'><strong>enim</strong></span> <span class='ocrx_word' id='word_1_310' title='bbox 1072 3771 1172 3818; x_wconf 85' lang='lat' dir='ltr'><strong>moesta</strong></span> <span class='ocrx_word' id='word_1_311' title='bbox 1179 3802 1189 3830; x_wconf 90' lang='lat'><strong>,</strong></span> <span class='ocrx_word' id='word_1_312' title='bbox 1206 3757 1277 3837; x_wconf 88' lang='lat' dir='ltr'><strong>quia</strong></span> 
     </span>
    </p>
   </div>
   <div class='ocr_carea' id='block_1_4' title="bbox 228 3848 1275 3934">
    <p class='ocr_par' dir='ltr' id='par_1_13' title="bbox 228 3848 1275 3934">
     <span class='ocr_line' id='line_1_40' title="bbox 228 3848 1275 3934; baseline -0.006 -22"><span class='ocrx_word' id='word_1_313' title='bbox 228 3870 359 3934; x_wconf 84' lang='lat' dir='ltr'><strong>supremo</strong></span> <span class='ocrx_word' id='word_1_314' title='bbox 372 3848 513 3930; x_wconf 77' lang='lat' dir='ltr'><strong>diqmssu:</strong></span> <span class='ocrx_word' id='word_1_315' title='bbox 527 3849 600 3912; x_wconf 90' lang='lat' dir='ltr'><strong>inde</strong></span> <span class='ocrx_word' id='word_1_316' title='bbox 616 3852 711 3912; x_wconf 88' lang='lat' dir='ltr'><strong>etiam</strong></span> <span class='ocrx_word' id='word_1_317' title='bbox 727 3851 811 3914; x_wconf 87' lang='lat' dir='ltr'><strong>dona</strong></span> <span class='ocrx_word' id='word_1_318' title='bbox 828 3851 935 3930; x_wconf 85' lang='lat' dir='ltr'><strong>affert,</strong></span> <span class='ocrx_word' id='word_1_319' title='bbox 951 3853 1024 3934; x_wconf 87' lang='lat' dir='ltr'><strong>quia</strong></span> <span class='ocrx_word' id='word_1_320' title='bbox 1037 3863 1113 3909; x_wconf 90' lang='lat' dir='ltr'><strong>tunc</strong></span> <span class='ocrx_word' id='word_1_321' title='bbox 1127 3848 1275 3909; x_wconf 88' lang='lat' dir='ltr'><strong>libentius</strong></span> 
     </span>
    </p>
   </div>
   <div class='ocr_carea' id='block_1_5' title="bbox 230 3991 1273 4146">
    <p class='ocr_par' dir='ltr' id='par_1_14' title="bbox 230 3991 1273 4146">
     <span class='ocr_line' id='line_1_41' title="bbox 265 3991 1273 4065; baseline -0.005 -18"><span class='ocrx_word' id='word_1_322' title='bbox 265 3995 325 4063; x_wconf 71' lang='grc'><strong>481.</strong></span> <span class='ocrx_word' id='word_1_323' title='bbox 336 3993 471 4046; x_wconf 72' lang='lat' dir='ltr'><strong>Provelsor.</strong></span> <span class='ocrx_word' id='word_1_324' title='bbox 482 3991 608 4045; x_wconf 89' lang='lat' dir='ltr'><strong>Sermone</strong></span> <span class='ocrx_word' id='word_1_325' title='bbox 618 4011 727 4065; x_wconf 77' lang='lat' dir='ltr'><strong>pregre·</strong></span> <span class='ocrx_word' id='word_1_326' title='bbox 770 3997 1008 4048; x_wconf 77' lang='lat' dir='ltr'><strong>Demororcustros.</strong></span> <span class='ocrx_word' id='word_1_327' title='bbox 1020 3991 1050 4044; x_wconf 92' lang='lat' dir='ltr'><strong>ld</strong></span> <span class='ocrx_word' id='word_1_328' title='bbox 1060 4004 1112 4058; x_wconf 87' lang='lat' dir='ltr'><strong>est,</strong></span> <span class='ocrx_word' id='word_1_329' title='bbox 1124 3991 1273 4044; x_wconf 82' lang='lat' dir='ltr'><strong>vosdemo·</strong></span> 
     </span>
     <span class='ocr_line' id='line_1_42' title="bbox 230 4071 1270 4146; baseline -0.005 -18"><span class='ocrx_word' id='word_1_330' title='bbox 230 4076 301 4140; x_wconf 87' lang='lat' dir='ltr'><strong>dior;</strong></span> <span class='ocrx_word' id='word_1_331' title='bbox 319 4087 349 4128; x_wconf 89' lang='lat' dir='ltr'><strong>ut</strong></span> <span class='ocrx_word' id='word_1_332' title='bbox 366 4073 510 4128; x_wconf 84' lang='lat' dir='ltr'><strong>ostendunt</strong></span> <span class='ocrx_word' id='word_1_333' title='bbox 527 4075 675 4144; x_wconf 84' lang='lat' dir='ltr'><strong>sequentia.</strong></span> <span class='ocrx_word' id='word_1_334' title='bbox 691 4103 727 4118; x_wconf 87' lang='lat'><strong>-·</strong></span> <span class='ocrx_word' id='word_1_335' title='bbox 770 4091 830 4141; x_wconf 88' lang='lat' dir='ltr'><strong>ror,</strong></span> <span class='ocrx_word' id='word_1_336' title='bbox 844 4093 897 4146; x_wconf 91' lang='lat' dir='ltr'><strong>quo</strong></span> <span class='ocrx_word' id='word_1_337' title='bbox 910 4076 997 4128; x_wconf 89' lang='lat' dir='ltr'><strong>minus</strong></span> <span class='ocrx_word' id='word_1_338' title='bbox 1009 4073 1095 4126; x_wconf 83' lang='lat' dir='ltr'><strong>ventis</strong></span> <span class='ocrx_word' id='word_1_339' title='bbox 1110 4072 1232 4124; x_wconf 78' lang='lat' dir='ltr'><strong>utemini.</strong></span> <span class='ocrx_word' id='word_1_340' title='bbox 1245 4071 1270 4122; x_wconf 84' lang='lat' dir='ltr'><strong>S·</strong></span> 
     </span>
    </p>
   </div>
   <div class='ocr_carea' id='block_1_6' title="bbox 0 0 1352 4594">
    <p class='ocr_par' dir='ltr' id='par_1_15' title="bbox 0 0 1352 4594">
     <span class='ocr_line' id='line_1_43' title="bbox 0 0 1352 4594; baseline 0 0"><span class='ocrx_word' id='word_1_341' title='bbox 0 0 1352 4594; x_wconf 95' lang='lat' dir='ltr'><strong> </strong></span> 
     </span>
    </p>
   </div>
  </div>
 </body>
</html>
