2670 4596
218 283 280 373 xxij
492 284 556 348 DE
580 281 814 368 CARMINE
838 281 990 346 EPICO

218 431 395 511 tanquam
412 412 528 512 opifex
547 437 659 482 rerum
674 427 707 482 et
722 411 842 482 mundi
855 408 1004 480 melioris
1019 415 1128 508 oripo.
1148 411 1264 480 Simi-

217 529 315 615 liter,
338 530 402 624 qui
424 530 594 597 carminis
612 529 705 624 epici
727 551 872 624 germen
895 522 1105 594 involutum
1130 523 1265 620 depre-
1325 557 1326 560 ¹

216 641 365 729 heudit‚
382 639 575 738 fotumque
589 643 754 738 ingenio,
771 638 918 710 tandem
934 637 1103 726 exclusit,
1119 635 1264 735 periec-

216 774 274 827 tor
290 779 357 853 pro
373 759 563 825 inventore
572 771 624 824 cst
641 752 842 824 habendus.
862 750 959 822 Talis
974 749 1044 822 fuit
1055 753 1262 838 Homerus,

215 875 279 970 qui
296 867 502 941 tabularum
519 854 601 938 ante
618 853 658 938 se
677 865 957 938 informatarum
977 865 1264 964 qualiacumque

217 987 433 1057 lineamenta
455 982 647 1081 colligens,
674 981 823 1053 Iliadem
845 980 995 1068 extulit,
1023 980 1094 1051 hoc
1118 984 1262 1078 impetu

216 1099 322 1171 altius
336 1096 518 1195 fastigium
536 1113 772 1184 consecutus,
798 1121 910 1194 quam
927 1120 1003 1192 quo
1018 1111 1140 1192 postea
1159 1097 1262 1192 quis-

216 1239 327 1312 quam
345 1216 556 1310 pervenerit.

602 1339 603 1344 ¹
640 1393 692 1462 oe
707 1389 828 1462 [aaa.

262 1561 366 1649 Quos
380 1560 505 1628 animo
520 1583 643 1630 sensus
658 1563 863 1658 concepisse
876 1557 1093 1630 crediderim
1112 1581 1173 1627 eos
1193 1561 1260 1653 qui

214 1675 323 1770 primi
346 1675 507 1741 carmina
528 1671 660 1744 lliados
681 1671 924 1744 audiverunt?
947 1674 1096 1764 Quanta
1119 1668 1259 1741 defixos

211 1786 452 1857 admiratione
472 1789 604 1856 stetisse
624 1786 770 1875 dicam,
798 1785 932 1885 quibus
957 1784 1144 1856 clarissimi
1171 1782 1258 1854 belli

213 1895 326 1987 ueta,
344 1915 377 1969 et
391 1897 621 1972 celeberrima
634 1900 707 1972 hoc
723 1919 884 1998 tempore
897 1904 1050 1971 nomina
1065 1923 1259 1996 recognos-

210 2012 396 2101 centibus,
418 2039 521 2085 mens
540 2015 722 2086 inmedio
742 2017 984 2086 certaminum
1003 2012 1157 2083 horrore
1178 2017 1257 2082 sine

213 2126 375 2227 periculo
389 2127 613 2218 versabatur-3
632 2133 754 2200 mixtae
768 2145 801 2200 et
814 2127 936 2200 floreis
947 2127 1085 2225 junctae
1098 2125 1255 2196 vinculis

212 2241 468 2330 occurrebant,
481 2241 568 2314 utile
577 2244 711 2316 docens
722 2243 871 2316 historia
881 2299 890 2331 ,
898 2240 1186 2341 jucundumque
1195 2239 1256 2310 lu-

211 2357 302 2428 dens
319 2355 467 2428 fabula:
488 2358 598 2429 simul
613 2359 826 2431 enitescebat
840 2356 983 2428 infinita
998 2359 1167 2427 varietate
1182 2355 1257 2425 dis-

212 2477 324 2542 tincta
335 2497 458 2543 rerum
473 2472 692 2562 multitud0;
710 2479 921 2546 animorum
934 2489 1056 2543 motus
1071 2473 1255 2555 acerrimi;

212 2585 433 2658 bellatorum
452 2589 566 2658 virtus
584 2592 874 2687 generosissima3
901 2587 1063 2656 Deorum
1081 2601 1123 2654 ut
1143 2587 1258 2653 inaxi-

212 2726 295 2772 mus
307 2725 503 2789 numerus,
520 2705 568 2772 ita
580 2717 733 2800 potestas
746 2699 1011 2786 efficacissima3
1028 2697 1167 2770 adhaec
1184 2697 1258 2768 des·

210 2819 435 2912 eriptionum
462 2815 636 2913 splendor
663 2821 839 2905 eximius,
870 2819 1134 2888 sententiarum
1164 2817 1259 2883 mira

209 2927 431 3013 sublimitas;
456 2930 589 3027 quibus
604 2932 786 3031 superfusi
805 2951 879 3004 tam
902 2932 1022 3003 divitis
1039 2929 1259 3028 eloquentiae

208 3041 349 3113 colores
359 3049 371 3131 ‚'
386 3043 559 3142 adjuncta
568 3064 643 3118 tam
653 3046 903 3119 inenarrabilis
913 3070 1157 3117 numerorum
1170 3070 1258 3115 sua-

211 3162 319 3246 vitas,
334 3175 376 3229 ut
388 3161 451 3257 qui
464 3163 582 3231 varios
593 3163 710 3258 operis
719 3161 831 3233 libros
844 3165 946 3260 quasi
960 3161 1112 3232 totidem
1127 3175 1259 3229 cantus

211 3273 368 3361 audiret,
381 3271 442 3344 ille
455 3277 559 3344 novis
570 3291 744 3372 perpetuo
754 3275 915 3347 motibus
926 3279 1138 3373 agitaretur,
1152 3277 1259 3342 novis

211 3388 490 3484 usquestimulis
502 3387 549 3460 ad
559 3387 843 3462 auscultandum
854 3395 1082 3475 excitaretur,
1097 3388 1260 3484 denique

212 3499 313 3572 velut
335 3503 497 3598 quodam
520 3502 586 3575 filo
607 3531 801 3602 suspensus
827 3531 869 3577 ac
892 3505 958 3576 diu
983 3503 1135 3576 libratus
1162 3505 1261 3572 inter

212 3615 470 3690 diversissimos
494 3635 527 3688 et
549 3625 706 3690 maxime
726 3625 927 3692 contrarios
950 3617 1118 3704 affectus,
1145 3614 1259 3686 simul

213 3732 357 3817 animo,
380 3733 546 3828 iugenio,
571 3739 767 3822 memoria,
797 3733 948 3805 auribus
967 3730 1125 3804 delinitis
1148 3743 1261 3827 atque

212 3845 343 3939 captis,
359 3845 438 3940 pari
452 3867 608 3943 semper,
633 3875 701 3920 nec
717 3849 847 3922 eadem
861 3867 984 3922 tamen
1003 3869 1171 3942 unquam
1194 3869 1254 3914 vo·
1327 3895 1328 3898 ,

213 3953 351 4060 luptate
362 3957 644 4031 demulceretur!
