2670 4596
343 316 393 378 IN
418 314 650 379 AENEIDOS
675 313 767 380 LIB.
792 319 817 381 Ι.
1057 321 1097 387 33

5 415 6 438 ¹
67 437 178 498 tionem
193 458 211 496 a
226 435 357 512 militia,
375 436 488 517 vulgus
502 437 594 495 facile
609 438 768 511 miscetur,
790 439 904 516 agitur,
926 440 1102 504 conficitur.

69 527 130 584 Vox
144 528 256 600 miscet,
271 539 331 599 est,
343 525 514 606 perturbat.
529 528 591 598 Nec
605 523 713 584 absistit
725 529 819 606 prius,
834 547 922 607 quam
935 531 1104 612 victorfim·

69 613 206 674 dathumi
217 627 323 696 septem
334 635 455 696 corpora
469 615 611 694 inqeatia,
634 626 662 673 et
674 629 766 696 aequet
776 635 927 674 numerum
941 638 1104 678 cervorum

71 701 300 762 interfectorum
316 723 384 762 cum
396 699 524 761 nauibus.
588 723 592 730 ·

107 787 177 868 1th
187 793 270 850 Hinc
283 792 355 872 petit
365 801 480 870 portum
493 791 510 846 a
523 809 552 847 se
567 786 725 862 relictum,
740 801 768 848 et
781 793 905 871 partitur
917 793 1055 872 praedam
1073 797 1105 854 in

68 877 152 936 socios
164 897 273 937 omnes.
286 879 361 935 Post
375 877 463 935 cibos
477 875 579 935 deinde
590 875 692 934 dividit
703 879 786 950 viria,
806 899 870 958 quie
884 879 964 940 heros
976 885 1104 956 Acestes,

69 983 116 1020 rex
139 963 264 1039 Siciliae,
286 976 394 1045 utpote
416 967 520 1037 bonus,
546 964 732 1042 benignus,
746 965 930 1040 munificus,
951 967 1119 1046 liberalis,¹

68 1067 196 1114 onerarat
212 1053 291 1113 cadis
311 1056 343 1112 in
362 1051 443 1113 litore
463 1054 637 1125 Trinacrio,
663 1051 694 1110 id
718 1066 775 1127 est,
799 1053 916 1130 Siculo,
938 1057 1106 1138 dederatque

67 1138 240 1202 abmntibsrs.
261 1144 333 1201 Hoc
349 1140 449 1217 facto,
468 1144 576 1200 AEneas
595 1137 702 1200 mulcet
718 1139 800 1199 dictis
816 1155 935 1220 pectora
949 1148 1105 1205 moerentia.

67 1227 139 1286 Post
151 1249 254 1289 carnes
267 1233 385 1311 quippe
397 1243 429 1288 et
441 1231 528 1304 vina,
548 1249 620 1288 suus
633 1248 760 1309 quoque
774 1228 860 1287 cibus
874 1233 986 1288 animis
1000 1233 1106 1308 datur,

5 1313 7 1350 ²
68 1315 151 1376 bono
161 1318 299 1400 exemplo
312 1320 504 1400 principum,
517 1319 572 1398 qui
585 1337 658 1376 suos
671 1317 794 1376 lirmare
809 1339 876 1376 non
890 1333 955 1378 tum
969 1320 1038 1394 cibo
1054 1319 1106 1380 de·

68 1401 153 1478 bent,
170 1426 266 1486 quam
280 1406 432 1466 doctrina.
775 1427 778 1434 ¹
989 1427 992 1432 ·

108 1492 302 1569 eph-tOratio
322 1493 389 1554 haec
411 1496 530 1574 integra
545 1505 592 1552 est
606 1515 613 1551 ε
625 1491 719 1553 habet
737 1515 827 1552 suum
845 1495 1022 1569 exordium,
1042 1515 1105 1576 quo

5 1591 6 1606 ³
67 1576 317 1640 benevolentiam
327 1581 465 1662 colligit:
479 1584 618 1663 sequitur
629 1581 838 1656 confirmatio,
852 1582 904 1641 ubi
918 1583 1032 1664 duplex
1042 1605 1107 1642 am·
1134 1607 1136 1612 ·

68 1665 231 1746 plificati03
249 1672 332 1730 mala
346 1673 519 1752 praeterita,
536 1671 644 1729 futura
659 1670 761 1730 bona:
781 1685 849 1730 turn
864 1672 989 1730 demum
1006 1675 1108 1732 oratio
1165 1705 1169 1719 ι

68 1753 242 1818 absolvitur
258 1759 384 1841 epilogo
398 1758 609 1819 exhortatorio
621 1781 633 1817 :i
650 1760 779 1819 affectus
798 1773 872 1818 sunt
890 1764 1034 1835 maximi,
1056 1763 1109 1820 sed

66 1867 185 1924 graves,
196 1863 232 1907 ut
242 1850 458 1910 decetducem.
472 1849 576 1925 Quum
589 1851 648 1924 ait,
662 1851 772 1924 osocii,
782 1850 1032 1910 benevolentiam
1043 1849 1107 1910 col·-

66 1933 148 2014 ligit,
162 1957 279 1997 vocans
290 1942 382 1999 socios·
395 1937 524 2012 milites,
538 1939 626 2018 quasi
641 1959 743 1998 secum
759 1939 891 2017 aequales
907 1942 938 1996 in
951 1939 1107 2021 perferen-

67 2021 112 2082 dis
135 2023 314 2103 laboribus,
335 2029 378 2086 ait
401 2030 552 2086 Donatus.
572 2025 773 2086 parenthesin
793 2028 835 2084 sic
854 2027 992 2108 explica:
1017 2047 1108 2107 neque

66 2113 141 2170 enim
152 2115 250 2194 iquari
259 2136 358 2175 sumus
367 2113 531 2187 maiorum,
545 2136 614 2196 quae
626 2128 693 2174 ante
705 2115 842 2194 perpessi
856 2135 973 2200 sumus.
985 2117 1120 2174 Graecus

66 2197 193 2276 diceret,
207 2211 258 2260 τῶν
271 2208 329 2284 πρὶν
341 2211 435 2261 κακῶν.
456 2203 603 2262 Continet
614 2223 687 2262 vero
700 2202 923 2282 aetimologium
935 2201 981 2260 vel
998 2215 1108 2283 praete-

66 2291 214 2366 citarum,
231 2291 284 2350 vel
295 2293 507 2372 sequentium,
525 2294 569 2350 ait
580 2291 754 2350 Corradus:
773 2292 1002 2372 praeteritorum
1017 2293 1075 2358 itm
1091 2309 1108 2348 o

65 2383 148 2452 socii,
169 2380 291 2441 scilicet
308 2383 462 2440 malorum
478 2401 546 2461 quae
563 2396 653 2440 antea
669 2382 754 2461 pessi
768 2401 894 2438 sumus:
911 2381 1118 2461 sequentium

5 2477 6 2480 ’
65 2467 125 2541 ita,
145 2473 253 2548 opassi
264 2472 415 2550 qraviora,
435 2490 498 2528 non
516 2471 598 2528 enim
619 2470 719 2548 ignari
734 2488 842 2528 sumus
857 2469 1107 2548 praeteritorum:

66 2575 126 2614 esse
139 2577 215 2616 vero
227 2557 288 2616 hoc
299 2557 498 2639 proverbiale
512 2556 743 2629 hemistichium
753 2558 835 2614 satis
848 2569 995 2636 apparet..

5 2655 6 2676 ¹
99 2664 174 2722 ⁴¹99·
189 2645 279 2719 Vult,
291 2659 327 2704 ut
337 2645 554 2704 recordatione
563 2646 742 2726 graviorum
752 2643 909 2712 laborum,
923 2649 1034 2720 putent
1048 2639 1118 2698 alia.

67 2731 283 2807 incommoda,
303 2755 372 2814 quae
393 2755 465 2792 mox
487 2748 670 2814 sequentur,
695 2727 995 2800 exitumhabitura,
1017 2727 1109 2784 sicuti
1157 2803 1158 2806 Ἴ

63 2817 131 2895 jam
143 2816 323 2880 habuerunt
334 2823 476 2901 graviora
492 2821 545 2880 illa
559 2821 651 2878 mala.

106 2925 176 2964 coo.
188 2907 305 2988 Incipit
317 2929 497 2967 enumerare
512 2905 666 2988 pericula,
680 2907 714 2963 in
727 2903 839 2984 quibus
851 2900 993 2960 fuerant:
1010 2919 1109 2960 acces-

67 2995 163 3069 sistis,
186 2997 305 3077 inquit,
327 2996 366 3055 ad
386 2995 529 3076 Scyllam.
552 2997 649 3073 Roget
663 2992 802 3072 aliquis:
824 2992 986 3050 accessisse
1006 3010 1045 3049 ne
1069 2987 1109 3048 ud

66 3081 202 3162 Scyllam
218 3086 346 3164 gravius
365 3099 409 3142 ast
430 3082 620 3164 periculum,
640 3101 740 3162 ,quam
758 3079 877 3138 malum
900 3077 1108 3160 tempestatis,

67 3172 154 3249 quod
169 3193 256 3232 nunc
272 3172 406 3254 experti?
423 3175 533 3244 Servis,
554 3171 659 3244 credo,
682 3184 774 3251 poeta
788 3169 901 3228 animis
912 3165 1108 3237 mortalium,

66 3263 122 3340 qui
139 3260 248 3343 Scyllae
264 3261 438 3343 periculum
457 3283 606 3342 magnum
624 3279 686 3318 esse
702 3259 933 3328 existimabant3
952 3256 1058 3332 itaque
1072 3271 1109 3312 eo

5 3417 6 3434 2
65 3398 121 3432 non
131 3395 221 3433 tamen
234 3395 274 3434 est
286 3382 320 3434 de
329 3383 470 3437 frondibus
481 3396 567 3448 totns,
613 3369 1118 3434 dicitur.-Heros.Virfortis,se1i1i-'

64 3473 93 3509 nt
104 3480 222 3526 saxosus,
236 3481 333 3514 saxeus
346 3461 417 3514 Serv.
613 3462 694 3527 deus,
708 3459 769 3530 plus
783 3457 815 3508 ab
827 3455 935 3505 homine
947 3451 1064 3517 hahens,
1080 3462 1109 3503 ut

104 3541 163 3610 195.
181 3544 279 3594 Bonus.
294 3542 407 3614 Largus,
423 3541 566 3595 beneficus.
614 3545 650 3595 ait
662 3539 801 3592 Hesiodus.
813 3538 882 3587 Sera.

63 3621 197 3674 *Cedis
212 3623 319 3674 Omissa
333 3623 462 3675 cadorum
474 3641 569 3675 nume·
651 3624 707 3693 198.
724 3620 824 3672 Osocii.
835 3619 909 3670 Ordo
922 3631 961 3672 est
972 3641 977 3668 :
990 3619 1014 3670 0
1026 3618 1107 3681 socii,

63 3717 109 3764 ro,
124 3699 278 3752 ostenditur
289 3703 343 3754 vini
356 3705 443 3773 copia.
456 3703 526 3754 Sm.
612 3713 735 3756 revocate
747 3702 865 3752 animos:
881 3700 948 3751 bene
964 3713 1051 3752 autem
1067 3713 1116 3750 so-·

110 3781 172 3848 196.
201 3781 343 3834 Trinacrio.
368 3782 488 3835 Graecum
514 3795 569 3848 est,
615 3785 665 3835 cios
677 3781 755 3844 dixit,
768 3799 801 3830 ne
817 3797 846 3830 se
858 3780 894 3830 eis
906 3779 1109 3850 exaequaret-

63 3858 277 3930 qaodtriazcirqa
286 3860 496 3929 habeat‚idest,
509 3879 571 3932 pro·
591 3927 594 3930 .
616 3861 713 3935 Iquori.
729 3862 913 3910 immemores:
929 3871 969 3910 est
981 3858 1108 3930 Acyrolo-

61 3941 219 4004 montorio,
230 3940 390 4012 Lilybaeum,
405 3940 572 4011 Pachynum,
617 3943 668 4012 gia.
677 3939 874 4012 lquarusenim,
883 3941 929 4008 qni
936 3939 1053 4009 ignorat:
1064 3937 1110 3985 im-

63 4017 204 4072 Pelorum.
219 4020 313 4074 Latine
334 4033 423 4074 autern
439 4020 573 4092 Triquetra
618 4035 804 4083 memorvero,
816 4019 861 4088 qui
873 4017 970 4070 oblitus
980 4028 1027 4068 est.
1039 4016 1108 4067 Serv.
