2676 4602
244 315 306 404 298
517 357 520 364 ⁴
568 305 947 380 constentiam

242 439 359 518 migmn
372 459 378 494 ι
393 445 437 495 est
449 433 609 507 mistim,
623 436 725 511 endon·
740 436 792 498 ille
802 436 910 513 creber,
923 437 1096 521 nicqueti&
1105 445 1278 526 nptimnjn·

240 527 323 586 dicio
343 541 431 606 poeta
453 527 550 586 voluit
567 547 630 586 non
653 528 803 602 irscnmlro,
825 528 875 588 sed
894 531 1067 610 procumbo,
1084 547 1120 592 ut
1141 533 1276 595 habitum

240 615 391 692 remigum
405 615 601 694 exprimeret,
615 617 668 695 qui
686 617 792 696 proni,
805 627 835 674 et
848 616 987 676 inclinati
1001 617 1040 676 ad
1053 639 1138 699 opus
1154 643 1161 679 :
1178 625 1221 681 ait
1234 643 1276 681 orn

240 697 337 771 arida,
359 703 411 780 qni
425 700 512 760 sudor
519 701 593 784 fluit
606 701 732 783 undique
744 705 828 761 rivis:
846 703 963 784 qnippe
978 723 1012 764 ex
1025 707 1159 786 copioso
1174 709 1276 768 sudore

239 784 370 861 iactum,
389 804 422 847 ut
434 802 530 848 essent
543 807 598 846 ora
612 787 707 847 aritia.
717 792 758 848 Et
773 789 841 867 quis
853 807 919 848 non
934 789 1016 849 ridet
1028 793 1184 852 acumen?
1197 797 1230 853 in
1244 797 1277 854 ri·

240 874 286 931 vis
300 885 343 932 est
355 875 496 934 ariditas:
508 887 635 934 centena
650 874 715 934 lraec
727 877 760 933 in
775 875 918 950 Marone,
929 877 955 934 si
971 874 1087 938 habeas
1102 881 1228 939 oculos!

280 979 347 1019 aot.
363 964 513 1021 Concitati
530 963 660 1042 remiges
675 964 815 1022 oratione
827 961 994 1038 Mnesthei,
1013 967 1185 1026 victoriam
1206 967 1279 1027 obti-

244 1064 334 1125 nent3
359 1050 472 1112 horum
495 1051 652 1126 studium,
674 1067 703 1111 et
721 1049 873 1112 Mnesthei
892 1052 1053 1113 fortunent
1070 1052 1157 1135 juvit
1178 1056 1279 1115 infelix

243 1157 395 1198 successus
410 1141 551 1220 Sergesti,
572 1161 663 1220 quem
678 1140 720 1199 sic
734 1141 1072 1222 narrnreaggreditnr:
1087 1141 1153 1202 ibai
1168 1144 1281 1225 Serges-

240 1239 289 1287 tus
304 1229 441 1303 interior,
456 1231 486 1288 id
500 1244 560 1304 est,
574 1231 714 1289 breviore
727 1231 843 1310 spatio,
853 1249 952 1310 quam
965 1230 1160 1306 Mnestheus,
1173 1232 1213 1290 ad
1227 1253 1281 1291 nte·

242 1325 317 1375 tern.
335 1319 399 1376 Psae
411 1318 516 1378 furore
528 1331 629 1378 autem
642 1319 757 1392 animi,
771 1317 980 1398 stqneanlore
991 1319 1145 1395 victorie,
1154 1319 1281 1379 forsitan

243 1402 329 1465 litesit
343 1409 374 1466 in
388 1409 535 1490 scopulis,
548 1410 602 1489 qni
618 1421 706 1467 erant
723 1407 760 1466 ad
777 1421 904 1481 metem3
924 1407 971 1466 illi
989 1410 1075 1468 enirn
1091 1412 1124 1468 in
1139 1426 1227 1470 mare
1238 1429 1283 1468 ex·

243 1497 421 1571 currebant,
437 1499 519 1557 unde
534 1512 632 1579 poetes
646 1497 794 1558 dicuntur
804 1513 876 1556 soso
885 1501 1093 1579 procurrentia.

284 1590 350 1646 205.
365 1589 509 1666 signator
520 1603 573 1668 per
587 1586 790 1670 hyperbolem
805 1589 938 1668 impetos
950 1587 1060 1647 delatae
1073 1589 1173 1664 navis,
1189 1605 1281 1668 quum

244 1675 344 1756 stipsi
361 1678 478 1756 scopuli
498 1679 635 1736 concussi
651 1676 863 1736 fuerintviele
882 1695 953 1735 vero
975 1690 1009 1735 ut
1032 1680 1120 1737 navis
1135 1680 1281 1736 miseran·

245 1759 320 1820 tlnin
340 1763 372 1820 in
394 1764 520 1823 modum
536 1763 699 1822 laceretur:
714 1767 785 1824 remi
799 1783 943 1846 crepuere,
959 1766 1030 1842 qnia
1049 1763 1169 1836 obnixi,
1181 1765 1192 1842 (
1203 1777 1282 1822 note·

243 1859 295 1904 tnr
308 1850 458 1929 impetus)
473 1854 504 1909 in
513 1856 634 1922 morice,
648 1865 678 1908 et
690 1849 749 1909 lroc
759 1863 844 1910 nenio
856 1873 864 1909 .-
876 1849 989 1908 deinde
997 1869 1087 1930 prora
1099 1849 1282 1932 illisopcpen·

245 1933 302 2008 dit,
316 1957 380 2018 qno
392 1941 565 2020 spectaculo
579 1942 610 1998 in
625 1941 754 1999 naribus
766 1939 1117 2000 nullumvmisernbilius.

286 2045 354 2109 207.
365 2029 513 2111 Videjam
534 2032 664 2111 remiges
681 2033 866 2110 cogitantes,
886 2029 1003 2089 nonde
1019 2031 1164 2106 victoris,
1183 2029 1234 2090 sed
1247 2029 1283 2088 de
1322 2095 1323 2122 ,

245 2112 358 2174 sts'lute:
380 2119 421 2178 ita
436 2133 514 2178 certe
534 2118 570 2180 fit
589 2121 621 2178 in
643 2119 833 2180 exercitibus.
856 2121 1041 2199 Consurgunt
1060 2131 1174 2191 nante,
1195 2117 1283 2176 relin·

244 2219 369 2284 quentes
382 2229 498 2269 remos:
512 2207 800 2270 morantnrclamore
811 2229 933 2292 magno,
948 2208 1071 2289 quolem
1082 2208 1231 2268 credibile
1241 2219 1283 2266 est
1322 2235 1323 2277 i

246 2297 410 2358 excitatum
428 2302 459 2358 in
475 2315 511 2360 en
528 2300 701 2360 infortunio
718 2323 724 2358 ι
741 2299 895 2385 expediunt
910 2298 1006 2372 eredes,
1026 2311 1057 2357 et
1071 2311 1198 2368 contos,
1218 2317 1282 2380 que

243 2381 446 2445 instrumenta
462 2390 626 2446 necessaria
638 2386 675 2446 sd
688 2387 1051 2468 solntem3illnsscmstas,
1060 2384 1119 2444 hos
1130 2398 1282 2446 aontooss·

242 2467 329 2548 pide:
343 2471 456 2532 deinde
473 2471 572 2554 legunt
587 2477 620 2534 in
636 2477 750 2557 pergite
767 2492 859 2535 remos
871 2475 997 2558 finces,-
1017 2474 1060 2533 sic
1076 2473 1204 2547 onlinin
1222 2491 1282 2532 non

242 2554 525 2641 frontosinanqite.
1321 2619 1322 2652 ,

287 2663 353 2703 aio.
363 2647 441 2706 Vide
453 2649 629 2708 varietatem
647 2665 788 2729 poeseos,
805 2647 845 2706 ab
860 2647 954 2707 nnius
967 2644 1155 2706 infelicitate
1165 2645 1202 2704 sd
1216 2643 1283 2704 alte·

244 2733 309 2792 rius
328 2733 517 2797 felicitatem.
533 2739 686 2818 Sergestus
704 2736 809 2820 infelix
826 2733 1101 2810 lnit3=Mnestlsens
1117 2733 1218 2796 loetns:
1237 2731 1283 2791 ille

244 2820 339 2897 lensii,
360 2824 410 2886 hic
422 2828 518 2887 factus
532 2841 575 2887 cst
586 2831 683 2888 acrior
695 2827 904 2907 alntaiorque:
924 2824 1009 2884 illius
1026 2827 1100 2884 retni
1106 2825 1216 2907 fracti,
1236 2820 1282 2880 hic

246 2915 346 2993 pergit
359 2919 476 2995 agmine
487 2925 649 2977 reinerum:
665 2916 702 2975 acl
717 2933 818 2976 mores
833 2915 933 2989 illins,
946 2925 1017 2972 n'ain
1032 2925 1189 2973 moraretur
1200 2910 1284 2982 dixit,

245 3007 374 3082 opponit
386 3004 479 3084 hujus
492 3007 693 3076 celeritatem,
711 3015 779 3088 qne
800 3005 916 3064 anxilio
933 3013 1162 3090 remorum,·et
1182 3015 1283 3060 vento·

246 3109 315 3150 rum
330 3114 336 3148 :
355 3093 405 3152 ille
420 3097 607 3154 miserrimus
619 3107 662 3153 est
677 3096 709 3153 in
726 3095 901 3175 gorgiensis
910 3093 1004 3165 soccis,
1020 3095 1051 3150 in
1063 3092 1159 3182 spottio
1172 3091 1284 3170 iringum

246 3171 296 3239 hic
307 3184 378 3262 petit
386 3205 481 3264 prona
490 3185 582 3242 maria
591 3229 599 3256 ,
615 3195 744 3265 apertum
752 3180 881 3264 poloqsts.
901 3203 903 3210 ·

247 3309 343 3377 cuique
361 3311 399 3361 rei
417 3309 490 3380 quod
505 3311 640 3379 subjacet,
659 3290 744 3365 solum
790 3305 853 3385 qu'id
875 3305 1058 3376 diffienltatern
1075 3323 1131 3356 non
1148 3303 1248 3366 habet,
1263 3311 1285 3352 et

247 3385 271 3435 ei
284 3399 322 3436 est
335 3408 340 3436 :
352 3387 423 3440 unde
433 3402 472 3440 est
481 3387 563 3440 solnm
575 3393 646 3444 navis
657 3411 743 3458 mare,
786 3387 914 3452 ‘arduum,
924 3377 1050 3458 quicquiil
1059 3381 1284 3452 difficultersnpe·

248 3475 275 3513 et
289 3481 333 3514 aer
345 3468 490 3518 avium:et
504 3477 542 3519 est
555 3467 681 3537 verbnm,
698 3483 745 3522 cu·
789 3463 871 3521 ratur.
884 3467 933 3519 llic
949 3466 1032 3517 moria
1046 3475 1101 3517 tsm
1119 3464 1220 3535 platin,
1237 3475 1283 3513 tam
1319 3483 1320 3488 ¹

245 3543 289 3609 jus
304 3538 443 3611 perlucida
456 3543 613 3616 significatio
630 3565 679 3620 per
694 3565 745 3600 na·
789 3548 880 3601 facilia
901 3559 978 3609 sunt,
996 3554 1026 3596 nt
1046 3546 1125 3615 qussi
1147 3546 1177 3595 in
1196 3555 1282 3612 eampo

246 3623 744 3680 suramnoninvenisses-ovidium
790 3626 886 3680 declivi
903 3641 1000 3697 pronus
1013 3636 1041 3675 et
1054 3635 1170 3695 preceps
1186 3639 1283 3676 cumn

253 3698 353 3752 «Astra
366 3711 456 3756 tenent
468 3707 570 3760 celeste
580 3708 675 3759 solun.
687 3729 699 3753 i
784 3703 1282 3777 'videatnr.-Pelogodeoanitspsttn

288 3794 346 3832 ata.
361 3782 447 3836 Prona
459 3789 549 3840 maria,
563 3787 668 3841 servius
678 3786 746 3839 male
791 3784 897 3857 Signate
909 3783 989 3849 dicit,
1003 3783 1134 3834 decurrit.-
1148 3785 1228 3854 qnasi
1238 3781 1282 3834 slto

251 3859 747 3930 interpretaturvicinalitoribus.Fsss-
788 3868 877 3930 mari,
894 3864 967 3936 qnod
981 3864 1092 3936 proptio
1107 3863 1282 3938 peloqus·t⁵¹²
1318 3897 1319 3924 i

253 3937 353 3989 litatem
362 3939 460 3994 reditus
470 3945 652 3997 demonstrare
663 3944 748 3996 voluit
786 3957 907 4018 aspertum
917 3955 1009 4009 vocet,
1017 3944 1140 4015 scopulis
1152 3941 1285 3997 sntbnt'e

253 4025 748 4094 postmpronumenimdieimue,qnie-
792 4026 908 4079 bnsnon
918 4027 1054 4078 nisam
