2644 4614
331 333 380 396 tn
407 300 758 399 unctuosum.
784 333 892 398 v111.
1073 341 1136 426 519

94 442 324 514 eltritudinem:
335 473 405 536 quac
413 455 519 514 omnic
526 455 559 514 in
567 451 742 514 Pallantem
749 455 939 531 redundant,
948 459 1002 536 qui
1009 460 1136 518 Veneris

94 535 180 610 dono
195 545 389 625 conspicuus.
661 586 664 594 ·

145 625 212 706 592.
236 633 315 712 Mira
334 634 451 716 poesis!
478 631 518 692 ab
536 631 590 692 illa
602 630 815 713 x'l'rojenoruur
834 636 1084 716 promptitudine
1103 639 1136 696 in

92 717 254 796 exeundo,
269 724 308 784 ab
321 723 376 784 illa
388 723 536 784 Pallantis
550 721 803 806 pulchritudine,
818 728 974 785 convertit
985 747 1018 787 se
1030 725 1136 788 subito

92 801 134 862 ad
150 826 215 868 retu
230 807 323 893 longe
338 812 449 888 alium,
469 803 509 872 ud
520 825 667 895 parentes
683 824 814 886 matres,
829 815 946 893 quaein
963 817 1059 874 muris
1075 827 1137 875 sta·

92 887 175 952 bant
190 916 255 956 non
272 900 339 960 siue
355 900 504 975 horrore,
523 913 695 983 spectantes
711 919 866 980 egressum
881 899 1036 976 illiorum,
1059 924 1137 986 quos
1213 915 1218 924 ’

92 973 224 1044 fortasse
234 983 347 1050 deinde
359 1009 424 1052 uon
436 993 566 1066 visurae,
581 1001 813 1073 spectantesque
824 989 926 1049 oculis
935 991 1051 1050 nubem
1067 994 1137 1073 pul-

93 1070 189 1143 veris,
204 1086 235 1134 ct
247 1075 393 1138 abeuntia
406 1081 541 1159 agmine.
1130 1075 1132 1078 ¹

134 1157 200 1238 594,
223 1163 273 1224 11Ιί
292 1183 396 1228 tameu
413 1168 515 1228 nihilo
532 1170 675 1250 segnius,
696 1182 752 1248 per
769 1171 871 1240 vium,
892 1185 963 1247 quae
981 1170 1138 1228 aestatim

92 1240 183 1306 dedit
200 1251 309 1329 obvia,
332 1259 390 1316 iter
406 1259 550 1338 ingressi,
566 1278 638 1317 cum
655 1255 790 1316 clamore
808 1253 936 1314 militari
953 1275 1009 1336 per
1023 1255 1138 1316 dumos

92 1329 244 1400 incedunt
254 1345 453 1422 agminatim
468 1345 656 1424 tenditurque
666 1343 819 1402 maximus
829 1361 982 1423 equorum
991 1346 1139 1426 strepitus

92 1420 376 1508 confr-ementium,
390 1449 420 1493 et
431 1432 682 1514 persultantium.

135 1511 202 1595 597.
210 1518 228 1574 J
231 1534 306 1582 uxta
313 1542 437 1582 emnem
443 1523 639 1582 Caeretanum
647 1521 976 1599 lucuserat‚sacerque
984 1517 1139 1599 majarum

92 1596 263 1681 religione:
284 1623 350 1668 crat
360 1608 414 1668 hic
426 1609 530 1685 lucus,
546 1625 576 1669 ct
590 1611 673 1669 iutra
687 1608 781 1668 colles
793 1606 947 1680 inclusus,
967 1622 1000 1666 ct
1011 1606 1140 1668 refertus

91 1685 246 1756 densitate
264 1698 420 1759 arborum.
442 1702 517 1760 Erat
537 1715 611 1760 vero
630 1697 731 1776 lama,
751 1700 893 1772 Graecos,
915 1698 969 1779 qui
987 1699 1080 1778 primi
1099 1697 1139 1759 ud

93 1773 218 1842 ltaliam
234 1789 437 1868 appulerant,
452 1793 562 1874 patriae
576 1791 713 1872 propriu
728 1788 880 1870 religione
894 1787 1048 1862 imbutos,
1066 1808 1141 1848 con·

91 1883 230 1934 secrasse
239 1875 374 1955 Syluano
383 1899 457 1958 suo,
472 1884 538 1944 Dea
550 1901 697 1944 arvorum
711 1901 747 1942 ac
757 1881 895 1963 pecoris,
910 1881 1014 1940 lucum
1030 1880 1140 1953 istum,

92 1954 178 2019 diem
191 1966 285 2026 etiam
297 1970 486 2048 solemnem,
501 1976 534 2032 in
546 1992 610 2056 quo
622 1975 690 2054 ejus
703 1991 787 2032 sacra
799 1984 1029 2052 peragerentur.

133 2048 202 2110 603.
222 2055 290 2116 Non
307 2058 402 2142 louge
416 2061 455 2121 ab
467 2057 529 2122 boc
546 2060 617 2124 luco
629 2059 754 2121 'l’arubu
773 2061 941 2118 stationem
957 2055 1094 2116 babebat
1108 2056 1141 2116 iu
1225 2058 1229 2066 '

91 2144 328 2222 summumne,
346 2152 403 2230 qui
422 2154 561 2210 munitus
575 2164 707 2211 natura:
727 2149 837 2206 AEneas
855 2143 977 2226 appulit
992 2163 1066 2204 curn
1083 2163 1142 2205 suo

92 2226 219 2301 agmine
234 2230 273 2288 ed
293 2234 417 2311 lucum,
436 2250 470 2296 ut
487 2240 530 2296 ita
545 2235 707 2316 conjuncti
722 2247 828 2294 essent
843 2233 1011 2292 exercitus:
1033 2230 1142 2292 habita

91 2308 145 2370 bic
166 2331 240 2374 cura
264 2320 401 2384 militum
423 2339 455 2383 et
477 2341 640 2404 equorum.
667 2325 703 2381 ln
723 2317 913 2402 explicandis
933 2317 981 2377 bis
1002 2319 1141 2378 versibus

91 2416 217 2466 secutus
230 2426 300 2466 sum
308 2408 439 2471 ductant
450 2415 625 2492 poeticum:
641 2429 715 2472 uam
724 2409 845 2471 Servius
854 2410 939 2468 taric
948 2429 981 2468 se
990 2407 1143 2489 implicat.

132 2491 203 2551 608.
218 2494 291 2554 Miri
309 2511 380 2558 suut
393 2513 492 2581 poetoe
509 2501 542 2556 in
559 2497 780 2560 intercideudis
797 2495 904 2571 rebus,
922 2509 952 2566 et
968 2513 1040 2554 mox
1057 2511 1142 2558 resu-

93 2581 233 2657 mendis,
251 2602 350 2666 quum
363 2607 442 2668 opus
455 2601 517 2648 est:
538 2585 571 2644 id
588 2587 673 2645 enim
686 2596 805 2666 spectat
821 2583 860 2643 ad
871 2585 1053 2644 varietatem
1065 2601 1142 2666 poe·

93 2685 179 2740 scos,
194 2671 436 2736 etinetcenduta
446 2673 604 2734 toruum.
619 2673 698 2748 Quis
708 2691 772 2732 nou
782 2685 923 2753 putaret,
938 2673 971 2730 in
981 2673 1143 2754 superiore

93 2753 152 2814 illo
164 2761 300 2840 strepitu
317 2763 485 2842 mugientis
501 2775 534 2820 et
555 2761 819 2843 admurmuruutis
840 2758 908 2817 caeli
924 2757 1039 2818 debere
1055 2780 1147 2840 arma

96 2849 306 2928 apparereiet
315 2865 419 2914 tamen
429 2851 473 2911 ibi
484 2847 640 2926 dilate‚ut
650 2867 772 2931 semper
781 2849 1027 2908 lectoruuvitate
1037 2867 1142 2908 rerum
1225 2883 1228 2891 ·

131 3000 192 3070 596.
208 3005 495 3078 Quadrupedaate‚etc.
509 3007 595 3058 Note·
640 3021 756 3076 namque
779 3005 803 3055 si
823 3001 903 3053 uellet
923 2999 1011 3052 dicere
1037 3001 1141 3052 venisse

95 3085 244 3137 turmirum
252 3086 375 3142 carminis
386 3083 541 3146 artificium
552 3105 596 3137 cu·
639 3087 763 3148 utineam,
777 3082 874 3136 vidisse
888 3077 1083 3144 Tarchontem,
1093 3098 1142 3149 pe·

90 3161 210 3230 jusmodi
216 3159 596 3236 repetiturAEn.Xl,875.Qua-
641 3169 703 3218 tisse
714 3165 827 3228 auxilia,
840 3163 904 3214 satis
916 3160 1026 3236 longum
1039 3161 1140 3222 fuerat;
1238 3167 1239 3172 ’

94 3239 237 3313 drupedare
247 3258 350 3310 autern,
361 3258 468 3298 auctore
475 3239 593 3296 Turneb.
640 3261 666 3299 et
685 3245 791 3318 peribat
809 3239 877 3295 illud
899 3237 973 3314 quod
991 3241 1027 3292 ait
1045 3257 1141 3312 supra,

94 3319 193 3386 XXVI,
205 3341 251 3393 29,
262 3323 295 3376 de
304 3321 524 3396 quadrupedibus
532 3323 597 3376 dici·
643 3328 733 3377 «Toto
746 3337 862 3394 namque
872 3323 991 3373 fremunt
1001 3315 1141 3370 condense

95 3403 594 3475 rur.ltaapudl‘lsutum‚capt.lv,a‚
640 3399 1142 3478 litorepuppestzquumetfletrusco-

95 3482 145 3550 34:
162 3485 330 3554 «piscatores
343 3485 511 3538 advehuntur
527 3499 597 3554 qut·
641 3499 699 3536 ruat
712 3482 878 3536 festinationi
896 3479 1009 3531 dicentis
1023 3478 1140 3530 brevitas

96 3561 258 3633 drupedenti
271 3567 402 3616 crucianti
417 3565 545 3617 cauterio.
558 3587 568 3611 r
642 3575 780 3636 congruat.
791 3565 890 3613 Verum
901 3559 954 3611 boc
966 3555 1040 3629 quod
1050 3558 1077 3608 in
1089 3559 1140 3609 isto

132 3642 192 3711 598.
203 3643 347 3695 [nuncet.
358 3645 416 3696 Hoc
426 3656 479 3711 est,
489 3662 544 3696 nou
552 3660 595 3696 so·
639 3643 700 3694 loco
710 3641 891 3714 praetermisit,
903 3636 1020 3690 reddidit
1030 3638 1057 3688 iu
1070 3636 1142 3690 deci-

95 3721 151 3772 lum
160 3721 299 3774 colebatur
307 3723 447 3787 coitibus,
458 3723 595 3776 sedetiam
639 3722 814 3790 modicam,
825 3721 969 3788 altamque
977 3717 1049 3770 utab
1057 3717 1142 3770 Evau-

98 3801 132 3854 ab
146 3802 253 3854 accolis.
266 3804 336 3855 Seru.
639 3799 1141 3873 drocuetn'tingrestuslletruscis‚lie-
1168 3847 1177 3860 ,

131 3881 193 3951 607.
206 3883 324 3955 Fessiquc
332 3893 358 3934 et
366 3897 445 3954 equos
452 3895 479 3934 et
489 3902 597 3955 corpora
639 3903 701 3954 gem
709 3882 774 3948 adit,
781 3895 808 3934 et
818 3882 876 3954 regi
882 3891 1014 3934 memorat
1023 3895 1139 3930 nomeu·

96 3973 196 4013 curant.
207 3963 310 4032 lugenti
318 3973 374 4013 arte
385 3961 459 4032 quod
469 3962 598 4033 sequeba-
642 3958 1035 4034 quc‚geuusque.»S.*Verbo
1045 3975 1139 4008 cumis·

99 4055 142 4094 tur
152 4043 255 4110 omisit,
269 4041 423 4100 redditurus
433 4044 462 4098 iu
475 4041 596 4098 decimu:
641 4043 670 4098 di
680 4053 790 4096 utuntur
800 4058 893 4095 outnes
903 4041 932 4094 iu
941 4037 1014 4092 hunc
1024 4051 1139 4088 sensum.
