2644 4614
270 309 321 372 1u
347 275 582 372 nuuruos
605 308 698 371 mn,
720 307 832 372 v111.
1005 311 1068 397 49⁵

74 427 141 510 ²59·
155 429 396 491 Prudentissime
405 427 464 489 hoc
474 428 634 504 Hercules,
645 442 681 489 ut
691 428 764 490 Ceci
774 430 986 494 defensionem
997 457 1073 518 prae·

29 528 147 592 vertat,
162 538 231 600 que
244 529 311 578 tota
322 519 423 600 posita
435 518 468 576 iu
480 515 648 576 eructando
662 517 750 578 fumo
762 541 770 593 ;
784 540 872 601 ergo,
887 520 976 582 illum
991 545 1075 585 com·

26 604 178 686 plectitur
196 607 301 668 medio
320 622 461 690 pectore;
484 609 569 686 angit
587 618 710 687 guttur,
730 608 817 669 elidit
835 610 960 688 oculos3
979 627 1014 674 ut
1032 617 1074 675 sic

28 691 160 754 tandem
178 708 270 755 aestus
286 693 339 754 ille
355 695 571 775 conquiescat,
590 693 706 774 caligo,
724 710 755 755 et
773 695 896 758 fumus:
915 699 965 762 hic
984 715 1076 784 poete

29 780 113 841 alius
127 785 318 866 incogitans,
332 783 418 845 eleva
437 782 601 844 conficeret
617 797 806 845 eructantem
824 787 945 849 fumos:
966 795 1075 854 siccum

28 884 134 955 quitur
142 876 285 955 sanquine
297 886 387 933 notat
398 873 512 933 Cacum
525 871 590 954 jem
604 876 787 936 exanimem.

71 961 141 1021 262.
157 962 262 1038 Quum
271 959 337 1042 jam
347 973 377 1021 et
385 959 491 1021 fumus
501 961 678 1042 quievisset,
692 975 723 1022 et
733 962 814 1023 fores
824 979 923 1028 essent
932 969 1075 1046 revulsae,

29 1061 161 1129 patuere
178 1051 302 1126 omnia,
319 1047 462 1111 videlicet
480 1047 592 1108 domus
611 1061 693 1123 utra,
712 1049 806 1109 boves
824 1051 908 1112 furto
927 1051 1076 1116 sublatae:

28 1137 164 1198 cadaver
174 1160 315 1223 quoque,
324 1160 388 1222 pree
399 1135 616 1221 magnitudine
628 1139 765 1222 informe,
776 1139 807 1198 id
820 1153 878 1217 est,
891 1145 954 1204 sine
966 1145 1076 1222 modo,

29 1239 201 1289 extractum
216 1229 290 1290 iude
301 1240 361 1305 est,
377 1240 469 1310 etque
481 1227 628 1288 omnibus
640 1227 747 1287 datum
759 1227 961 1289 intuendum:
976 1234 1079 1293 satiari

29 1319 85 1378 vix
99 1332 245 1400 poterant
258 1310 392 1380 deformi
405 1308 597 1400 spectaculo,
613 1338 709 1400 quum
726 1330 885 1378 cernerent
901 1319 1007 1381 oculos
1023 1335 1087 1399 ter..

29 1407 159 1485 ribiles,
169 1408 290 1469 vultum
303 1410 421 1468 irarum
431 1407 575 1490 plenum,
585 1420 690 1489 pectus
700 1409 769 1466 setis
779 1405 958 1484 horridum,
971 1432 1006 1470 ec
1014 1411 1080 1472 feu·

29 1514 81 1556 ces
93 1508 244 1577 tanquam
259 1498 425 1560 vomitorio
438 1496 533 1577 ignis,
547 1494 600 1556 sed
611 1494 678 1578 jam
692 1495 841 1580 exstincti.

76 1587 145 1647 268.
160 1588 249 1648 Victo
262 1590 359 1663 Caco,
374 1599 513 1670 susceptu
527 1599 599 1647 sunt
613 1607 697 1647 sucre
708 1586 852 1646 Herculis
863 1586 902 1646 ab
917 1589 1080 1668 Evandro,

31 1686 63 1734 et
79 1688 203 1757 arrepta
217 1697 235 1736 a
249 1677 381 1758 posteris
395 1675 490 1735 simili
503 1677 627 1756 pietate.
643 1675 766 1734 Primus
781 1686 890 1734 auctor
900 1695 960 1736 aree
972 1674 1080 1758 hujus,

30 1862 85 1913 Per
99 1879 158 1914 eam
169 1879 239 1927 rem,
259 1861 332 1916 unde
347 1861 393 1916 ille
408 1860 536 1934 sperabat
580 1861 616 1912 ul.
629 1861 712 1913 Poste
722 1846 1003 1915 heucterribilitatem
1018 1866 1079 1918 uuis

32 1938 173 1994 auxilium.
186 1942 256 1994 Seru.
581 1942 666 1995 oculis
675 1938 811 2009 etrribuit,
821 1955 851 1994 ut
860 1943 993 2015 inquibus
1003 1945 1080 2001 sedes

8 2077 9 2084 χ
71 2019 133 2073 260.
152 2021 302 2093 Corripitur
315 2019 538 2094 nodumcomplr·
581 2025 689 2087 irarum.
706 2051 742 2064 -
762 2021 913 2096 Vellosoque
931 2027 1004 2079 setis.
1024 2028 1082 2081 lloc

30 2121 91 2154 xus.
104 2102 229 2154 Manibus
243 2103 397 2176 complexus
410 2106 537 2156 coustrie·
582 2106 713 2156 Homerus
724 2101 757 2154 ed
767 2102 935 2170 virilitatem,
946 2107 1082 2161 fortitudi-

32 2195 95 2234 tum
106 2195 186 2234 tenet.
197 2184 231 2234 Iu
242 2184 340 2235 nodum
351 2197 439 2236 autem
453 2183 537 2249 valet,
582 2201 698 2254 nemque
712 2181 816 2246 retulit,
832 2181 862 2233 ll.
875 2195 907 2244 Δ,
920 2184 942 2236 is
956 2181 984 2236 u‘
995 2181 1015 2235 si
1028 2179 1080 2256 irus

32 2265 61 2314 iu
74 2261 536 2332 nodimodum.Turneb.XlX,29,
582 2256 1078 2333 reformaturumerirlrxepspuiprfrr
1166 2275 1171 2284 ¹

32 2357 59 2398 et
76 2343 150 2409 xlv,
165 2342 207 2402 do.
225 2341 362 2394 Alluditur
375 2343 489 2394 fortasse
502 2342 538 2394 ad
581 2337 707 2410 Sophoel.
725 2340 753 2390 in
769 2338 895 2392 Trechin.
909 2341 1023 2394 Nessum
1036 2345 1081 2396 de-

31 2420 231 2476 Herculaneum
242 2422 354 2486 rodunt,
366 2423 410 2492 qui
422 2423 537 2475 arctissi-
581 2414 698 2487 simper
713 2430 808 2470 vocet:
822 2431 849 2471 et
860 2431 890 2471 ut
901 2418 945 2472 hie
960 2445 972 2468 ι
981 2419 1081 2477 Coeum

32 2519 96 2556 mus
109 2513 178 2564 eret,
195 2500 299 2568 Graece,
317 2497 437 2566 λνγισμὸς.
455 2501 535 2552 Toni.
582 2501 736 2554 semiferum
746 2523 774 2567 n,
792 2501 830 2552 ita
846 2513 872 2554 et
884 2502 977 2556 eudem
989 2505 1083 2560 fabule

31 2613 69 2622 -
81 2579 423 2653 Complerrss.llespoudere
431 2579 537 2634 videtur
581 2577 696 2632 Nessum
706 2581 795 2651 ipsum
807 2580 880 2649 ⁸391.
895 2583 980 2634 Germ
992 2611 1027 2624 ·-
1035 2585 1080 2639 Se-

32 2664 191 2717 Graecorum
199 2661 233 2730 uqi
243 2656 319 2728 eisd
328 2658 396 2715 isaim
408 2673 448 2713 est
457 2663 537 2727 enim,
582 2659 678 2730 miseri.
690 2659 761 2712 Bene
769 2659 896 2732 semiferi,
906 2680 988 2734 qutun
1000 2683 1081 2738 supra

32 2756 62 2796 ut
72 2740 229 2796 Eustathius
240 2741 446 2813 interpretetur,
460 2737 538 2807 ἀμὶς
583 2737 774 2792 semihominis.
786 2739 858 2806 Sero.

34 2821 228 2892 πορηλιχθῖιιι.
240 2821 310 2893 Ergo
322 2819 389 2892 ligat
398 2821 539 2892 complexu
618 2815 678 2868 268.
699 2817 823 2870 Minores.
841 2818 971 2889 Loquitur
987 2820 1081 2893 virgil.

35 2915 63 2956 et
72 2902 231 2974 constringit
238 2900 412 2954 brachiorum
421 2899 503 2952 uodo.
584 2915 645 2949 cum
655 2909 779 2968 respectu
788 2894 824 2948 ud
833 2897 963 2970 reliquam
971 2912 1084 2969 mntem,

74 2980 136 3035 263.
151 2980 331 3053 Alpemque
342 2981 448 3052 rapiere.
459 2980 541 3053 Abju-
584 2989 610 3032 et
619 2977 681 3030 ideo
688 2977 774 3050 probe
783 2977 909 3031 minores:
920 2979 974 3032 lroo
982 2999 1082 3034 novum

35 3081 95 3116 rare
106 3075 148 3114 est
155 3081 212 3114 rem
223 3061 354 3115 creditum
365 3079 465 3132 negare
476 3079 539 3133 per·
583 3058 611 3108 in
622 3059 711 3129 poetis
721 3076 777 3111 uon
789 3070 843 3111 est:
858 3060 950 3130 itaque
961 3079 1018 3114 non
1029 3062 1084 3115 die-

34 3145 119 3214 jurio.
138 3141 247 3216 Dionys.
268 3141 406 3196 historiam
426 3160 539 3195 narrans
584 3135 657 3190 cedit
667 3150 749 3209 poete
762 3137 938 3212 usiffnffieato
949 3139 1031 3211 hujus
1039 3160 1086 3194 vo·

36 3221 71 3274 de
85 3226 239 3293 juramento
258 3235 346 3276 tuceta
363 3234 467 3274 uotum
489 3222 539 3288 ait,
584 3217 638 3270 cis:
651 3219 760 3289 proprie
773 3220 844 3270 enim
853 3219 977 3285 minores,
989 3221 1084 3292 quiul

36 3299 540 3374 rogatumcaeummpondim,b0ves
584 3307 627 3347 tra
637 3298 796 3368 trinepotes3
809 3297 889 3348 sicuti
899 3300 1022 3370 majores,
1037 3303 1084 3372 qui

38 3403 54 3436 a
64 3402 94 3436 se
105 3400 160 3434 nou
169 3384 247 3454 visas.
258 3383 385 3456 Virgilius
393 3381 541 3454 perjurium
585 3375 656 3429 ultra
666 3379 800 3429 vitarum·
820 3377 878 3443 Sic,
893 3395 977 3448 quum
989 3395 1084 3451 postea

38 3461 119 3517 addil
138 3459 173 3514 ed
197 3460 347 3533 eugendum
371 3465 485 3528 crimen,
506 3459 542 3514 ed
585 3456 664 3524 dicit,
679 3457 949 3522 .‹10musPinaris·,
965 3455 1086 3529 loquium

39 3562 104 3596 eum
112 3540 237 3607 modum,
250 3539 541 3614 quosymm.0p'st.11,
585 3535 682 3608 procul
690 3534 774 3588 dubio
782 3553 843 3588 cum
851 3537 1087 3606 respectuedaete·

39 3623 90 3676 86:
113 3622 240 3672 «Partem
254 3621 333 3690 pretii
346 3634 451 3692 emptor
465 3621 543 3692 abju·
586 3629 639 3668 tem
652 3630 802 3687 posteram,
817 3618 885 3668 sicut
901 3628 927 3668 et
944 3616 999 3668 Lis.
1017 3616 1085 3674 Nem

40 3717 92 3755 ras.
104 3724 116 3748 ι
134 3700 167 3750 Et
178 3697 272 3752 Claud.
285 3698 354 3752 flou.
367 3700 418 3750 Vl:
441 3700 543 3770 «Abiu-
587 3696 689 3748 clarum
696 3709 745 3760 est,
756 3709 923 3767 assumptum
930 3696 964 3748 eb
971 3699 1086 3754 Hercule

40 3776 543 3850 ratapalamlsibyoepossedereterve.»
587 3794 694 3828 unume
706 3777 835 3841 Pinariis,
844 3789 875 3827 ut
886 3795 968 3828 uuum
979 3797 1087 3851 quoque

81 3859 141 3914 266.
157 3857 288 3910 Terribiles
299 3855 393 3909 oeulos.
406 3857 482 3910 Hauc
495 3875 545 3908 no·
589 3876 603 3910 e
616 3857 732 3918 Potitii55
749 3871 803 3908 nou
820 3869 905 3908 totam
920 3857 1087 3912 Pinariorum

41 3953 98 3992 tam
110 3938 288 3992 deformitatis
299 3947 362 4009 post
373 3950 487 3988 mortem
498 3935 544 3988 dat
588 3935 736 3990 familiam:
755 3935 829 4007 quod
842 3936 936 3989 eflicex
947 3956 1088 4010 argumen-

43 4019 109 4071 Stat.
121 4018 264 4090 Capaneo,
274 4029 301 4072 et
310 4015 452 4070 Suetonius
460 4015 545 4068 Nero·
590 4028 646 4068 tum
657 4029 752 4070 contre
762 4015 890 4072 Serrium.
906 4017 992 4070 Cerdo
