2676 4602
323 295 376 358 ns
399 293 636 360 nnsrnos
658 293 752 359 ms.
774 297 815 360 v.
1027 303 1095 392 3³9

88 416 157 476 833.
168 415 357 490 Palinurus,
369 417 470 496 utqui
481 417 641 498 princeps,
656 416 767 497 agebat
778 429 850 478 ante
862 438 970 482 omnes
980 445 1093 506 agmen

52 504 179 564 densum
197 517 382 564 caeterarum
394 505 540 563 navium:
556 519 661 564 nautes
676 525 750 564 vero
763 504 816 564 alii
826 507 902 586 jussi
915 525 1004 571 erant
1019 536 1094 575 con-

51 593 174 654 tendere
184 613 312 653 cursum
323 591 361 652 ad
371 590 455 652 hune
464 593 652 676 principem.
666 591 745 654 Vide
753 595 926 656 Excursum
938 600 1009 676 Vll,
1022 601 1094 664 Vol.

52 680 92 739 111
143 701 161 740 e
186 725 193 742 .
251 725 259 740 .
1007 697 1012 710 '

88 699 326 851 idiogriddingit
346 782 524 829 sermonem
542 767 582 829 ad
602 769 795 832 narrandum
819 793 923 833 essum
943 776 1097 852 Palinuri.

51 859 122 918 Erat
133 878 210 918 vero
221 875 284 919 nor
296 857 421 935 media,
439 879 474 918 ae
491 873 566 920 tuno
579 871 683 920 itautae
697 869 823 924 somnos
836 861 1022 944 capiebant:
1042 869 1101 956 qui

51 959 152 1007 tamen
163 967 232 1008 non
243 959 440 1030 componunt
447 969 577 1030 corpus,
586 948 639 1009 sed
647 951 764 1031 raptim
765 950 915 1034 fiendum,
926 967 956 1012 et
962 952 1098 1037 jaciunt,

53 1037 151 1117 utqui
165 1034 262 1096 fessi:
280 1036 353 1098 inde
365 1039 451 1118 quies
466 1036 609 1118 placida,
626 1047 657 1097 et
673 1037 788 1098 laxatio
803 1038 1015 1102 membrorum
1024 1066 1033 1119 ;
1047 1065 1100 1120 ne-

52 1144 110 1205 que
123 1145 201 1188 vero
216 1125 347 1188 durities
360 1125 431 1186 lecti
445 1125 586 1186 obstabat
597 1125 741 1210 fatigatis¹
750 1125 867 1187 laboret

88 1212 156 1296 837.
168 1217 240 1277 Hoc
251 1227 368 1299 puncto
379 1219 530 1300 temporis
540 1219 675 1278 Somnus
686 1236 703 1277 e
713 1215 790 1277 eaelo
801 1215 977 1296 deseendit,
989 1240 1024 1292 sc
1035 1211 1103 1304 pri·'

52 1322 137 1370 munt
149 1307 316 1381 omniurn,
334 1305 458 1367 dimovit
467 1323 537 1368 aem
549 1306 746 1380 tenebrosum,
760 1305 877 1367 ombms
887 1304 1008 1388 dispulit
1011 1330 1024 1383 ,·
1038 1307 1101 1371 hoe

53 1392 202 1468 consilio,
212 1408 251 1454 ut
263 1393 408 1476 deeeptus
418 1394 586 1455 Palinurus
595 1393 706 1455 fraude
718 1395 785 1455 caeli
795 1396 894 1454 sereni
906 1397 965 1455 iret
974 1395 1008 1456 in
1017 1417 1100 1458 som-

52 1496 127 1538 nos:
146 1481 222 1542 ideo
241 1485 363 1559 stetim3
384 1497 426 1558 te,
443 1481 604 1557 Palinure,
625 1495 739 1565 petens,
757 1503 820 1565 quo
838 1481 936 1541 verbo
948 1497 1101 1550 notantur

53 1568 190 1631 insidiae:
205 1570 277 1646 illa,
292 1571 343 1632 tibi
353 1575 444 1632 tristia
453 1574 568 1632 somnia
577 1585 698 1653 portans
708 1570 832 1646 insonti',
848 1569 1012 1631 suntmir'e
1020 1579 1102 1652 roit-

52 1662 125 1717 τικὰε
139 1681 215 1741 ergo
227 1660 306 1720 sedit
316 1663 348 1720 in
359 1663 459 1743 puppi
470 1659 567 1720 latens
577 1659 635 1720 sub
646 1660 874 1742 θλίψει-ἧμας
887 1672 917 1720 et
925 1657 1023 1737 fudit,
1035 1683 1101 1724 non

54 1765 157 1823 voces,
178 1765 236 1810 aut
249 1750 374 1832 q'uidvis
389 1749 489 1825 aliud,
509 1749 565 1810 sed
583 1741 727 1833 loquelds',
748 1752 781 1810 in
795 1749 910 1832 quibus¹
922 1747 1102 1829 blanditie,

54 1847 87 1894 nt
95 1836 283 1920 plerumque
291 1841 325 1899 in
333 1837 662 1898 diminutisomnibus.
674 1841 783 1919 itaque
791 1839 938 1912 Somnus,
950 1837 1005 1920 qiri
1015 1837 1105 1908 blan-⁸

55 1919 136 1983 ditur
148 1925 188 1985 ad
201 1947 364 2008 soporem,
383 1925 492 2002 hebet,
513 1927 557 1986 sie
571 1926 689 2002 dicam,
707 1920 849 1984 mellitas·
865 1942 955 1984 voces
966 1924 984 1982 τ’
996 1925 1032 1984 eir
1045 1921 1108 1986 'ea-'²

57 2011 123 2072 dem
135 2017 346 2100 mentefirdit5
362 2037 427 2100 qno
438 2013 695 2078 verbo‘innuitur
706 2015 835 2097 illapsus
848 2015 977 2096 quidam
990 2013 1102 2091 dulcis.

56 2191 119 2230 neca
130 2178 159 2232 in
171 2177 271 2232 Medea
282 2197 320 2231 vs.
332 2180 401 2234 iso:
417 2195 510 2232 «nnnc
523 2178 558 2232 li·
602 2180 633 2245 4:
643 2177 708 2230 Plin.
718 2177 751 2240 Π,
761 2176 865 2249 ospeip
875 2194 881 2224 :
892 2170 1043 2242 &leli-lib.
1052 2174 1103 2228 {Xe

57 2273 90 2308 ne
100 2259 557 2332 sinutenderetotornoneproleto
602 2256 717 2318 Plutere.
734 2254 846 2314 Luoion·
863 2250 990 2323 sophonia
1006 2254 1034 2304 in
1048 2254 1110 2306 ene

58 2337 123 2404 pede
134 2352 306 2408 transversos
317 2351 426 2409 captare
438 2341 531 2394 Notos.
543 2361 555 2386 n
567 2403 570 2411 Ι
583 2381 586 2389 ,
603 2341 701 2411 tigno:
712 2339 871 2402 Homerum,
883 2335 978 2408 Odys&
991 2335 1027 2388 Χ-
1036 2336 1109 2394 Vide

57 2412 160 2484 Sedet,
174 2418 293 2490 proferre
306 2417 414 2489 pedem,
432 2430 472 2469 est
487 2417 559 2468 funi·
603 2419 683 2470 etiarn
693 2418 821 2489 Nostrum
832 2415 887 2482 vol.
903 2417 955 2488 [112¹
965 2431 1028 2489 pqg.
1042 2417 1107 2484 842¹>

59 2492 105 2548 bos
123 2500 210 2550 imum
231 2498 282 2550 veli
302 2499 389 2550 minus
408 2496 558 2564 adducere,
638 2497 700 2563 840e
714 2496 763 2562 Te,
774 2495 916 2576 Palinure,¹
924 2506 1024 2568 petens.
1036 2497 1104 2568 lf'se-

61 2575 104 2626 aed
118 2563 206 2630 laxiu's
225 2594 283 2629 esse
297 2578 398 2643 sinere,
412 2589 439 2629 et
453 2574 558 2648 longius
602 2577 670 2630 tiose
682 2575 850 2649 aggrediens,
864 2575 1008 2647 adpetens:
1023 2591 1106 2648 atque

60 2655 207 2724 producere
217 2679 225 2720 ;
235 2675 298 2710 nam
309 2655 379 2729 pede
395 2655 484 2708 velum
501 2669 559 2708 ten·
603 2655 741 2708 sciendum
755 2657 783 2706 in
794 2655 880 2724 majus
893 2655 1022 2707 celebrari
1037 2655 1107 2710 Pali·¹

59 2731 128 2787 ditur
137 2760 142 2788 :
152 2739 297 2809 autpotius
305 2727 446 2808 utramque
454 2731 559 2808 partem
603 2737 664 2786 nuri
676 2747 788 2786 mortem
804 2752 879 2785 more
892 2729 1013 2804 poetico,
1027 2753 1107 2806 quern

62 2812 110 2866 veli
119 2830 254 2887 aequatam
266 2835 323 2869 esse
335 2835 391 2868 non
403 2818 474 2887 pati,
486 2813 560 2886 qnod
604 2815 782 2867 dormientem
794 2814 821 2864 in
833 2810 1034 2863 undesconstst
1044 2814 1106 2862 mis·

61 2889 89 2942 fit
100 2894 184 2948 altero
194 2897 260 2948 inne
271 2895 406 2967 proddoto
416 2915 422 2945 ι
432 2905 513 2964 atque
522 2894 562 2944 ita
604 2911 672 2947 som.
688 2921 724 2932 -·
737 2891 853 2945 Somnia.
866 2888 1017 2961 Soporem
1034 2887 1105 2942 bene

64 2970 239 3044 obliquantur.
258 2975 311 3028 veli
331 2976 429 3026 sinus:
453 2973 576 3044 prolato.
606 2989 695 3028 sotem
708 2972 837 3025 discernit
852 2971 905 3022 ista
919 2964 1106 3041 virgilium

64 3051 132 3114 enim
140 3055 223 3120 ione,
234 3055 331 3110 etsinu
342 3053 395 3114 veli
406 3053 561 3130 obliquatos,
581 3088 584 3099 .
604 3057 733 3112 Somno
742 3055 830 3124 ipsum
842 3049 923 3105 de'um
932 3047 1005 3100 diest
1016 3069 1022 3098 :
1032 3049 1108 3100 Som-

63 3129 98 3180 tie
114 3132 249 3205 colligitur
266 3145 378 3200 ventus,
396 3145 426 3200 ut
445 3129 562 3200 adversae
605 3135 694 3202 oinos,
719 3131 792 3204 quod
815 3129 983 3192 dormimus:
1000 3129 1106 3182 dorom-

65 3223 156 3267 nares.
170 3213 267 3265 eodem
278 3226 358 3264 vento
373 3211 482 3278 inflatae,
497 3228 561 3284 pos·
606 3215 696 3277 nium,
711 3209 784 3282 quod
800 3209 921 3260 videmus
938 3209 1081 3261 insomnis
1097 3232 1104 3262 ε

67 3288 115 3339 sint
127 3307 296 3344 concurrere.
314 3294 355 3344 lta
366 3292 471 3362 Lipsius
484 3289 519 3342 ad
531 3287 563 3339 il·
606 3307 651 3357 ut,
671 3315 683 3339 ι
696 3289 748 3342 Sed
761 3288 831 3343 falas
843 3286 877 3337 nd
890 3285 983 3340 eaelum
997 3289 1107 3341 mittunt

65 3361 111 3416 lud
123 3367 228 3422 Senecae
240 3369 340 3421 Philos.
353 3371 393 3437 ll,
408 3370 454 3436 343
471 3369 504 3421 de
514 3369 562 3419 Be·
606 3371 739 3423 insomnia
749 3385 848 3428 manes.
861 3390 871 3412 n
887 3365 958 3416 Serv.
973 3362 1041 3418 Vide
1055 3367 1106 3418 Ex-

67 3447 117 3496 nei.
133 3449 230 3502 Pedem
241 3459 268 3500 et
278 3460 392 3501 nostrum
404 3449 527 3513 dicimus,
539 3455 564 3498 et
608 3467 715 3502 cursum
726 3447 801 3522 mr
812 3443 865 3499 vol.
877 3445 914 3496 111
919 3481 928 3510 ,
938 3463 999 3518 pag.
1011 3464 1058 3516 97,
1072 3447 1105 3520 dg

66 3522 138 3593 lecti,
155 3542 181 3582 et
194 3521 260 3596 veli,
275 3543 301 3584 et
315 3533 436 3584 comitis
444 3555 453 3594 ,·
466 3537 561 3582 notit:
606 3529 706 3588 Somno
720 3525 874 3579 Palinurum
886 3525 1062 3594 opprimente.

66 3602 126 3657 Pars
138 3621 252 3682 utraque
264 3611 376 3662 inferior
384 3609 450 3676 veli,
461 3609 509 3660 nbi
523 3609 564 3660 fu·
644 3609 704 3675 842.
713 3601 863 3658 Phooantt.
873 3601 986 3655 Codices
994 3605 1107 3665 nonnul,

68 3683 142 3738 nibus
156 3687 330 3757 distenditur,
345 3686 393 3741 Pes
409 3687 519 3750 dicisum
538 3697 563 3740 e't
608 3687 627 3740 li
639 3705 702 3738 sane
713 3703 792 3756 quam
807 3683 903 3734 vetus-ti
917 3683 1049 3751 Forbantie
1059 3683 1107 3738 ha·

70 3763 172 3830 quidem
185 3787 236 3839 pro
252 3767 397 3832 lateribus,
412 3769 508 3818 Dexter
517 3779 564 3835 ant
608 3766 859 3846 beot-Grammatici
866 3776 954 3816 tamen
961 3769 1106 3838 genitivum

67 3839 289 3901 &nister—Vide
297 3849 394 3903 Litium
402 3847 435 3900 de
442 3847 564 3920 navigiis,‘
610 3847 757 3916 admones,
774 3845 893 3910 dativum
905 3843 940 3896 ad
955 3843 1052 3908 faeiem
1066 3868 1107 3904 rev

70 3938 128 3992 cap.
144 3925 174 3980 15
188 3949 194 3977 :
208 3929 327 3980 Delriem
341 3931 368 3980 in
383 3927 508 3980 Medeam
520 3921 565 3982 sel
608 3929 705 3982 ferunt.
719 3927 787 3980 Pt'er.
801 3949 838 3966 «-
849 3923 992 3980 Phorbanti
1006 3928 1105 3990 similisP

70 4017 153 4057 nene:
166 4007 284 4062 Turneb.
297 4009 344 4066 lib.
355 4009 419 4074 XX,
433 4007 493 4065 adv.
504 4027 562 4082 cap.
608 4007 721 4068 Somnus
736 4010 765 4064 in
778 4009 895 4064 Homero
912 4005 941 4058 iit
957 4004 1031 4065 insede
1047 4003 1107 4059 Nie-

887 4110 928 4147 22.
