<?xml version="1.0" encoding="UTF-8"?>
<!DOCTYPE html PUBLIC "-//W3C//DTD XHTML 1.0 Transitional//EN"
    "http://www.w3.org/TR/xhtml1/DTD/xhtml1-transitional.dtd">
<html xmlns="http://www.w3.org/1999/xhtml" xml:lang="en" lang="en">
 <head>
  <title>
</title>
<meta http-equiv="Content-Type" content="text/html;charset=utf-8" />
  <meta name='ocr-system' content='tesseract 3.04.00' />
  <meta name='ocr-capabilities' content='ocr_page ocr_carea ocr_par ocr_line ocrx_word'/>
</head>
<body>
  <div class='ocr_page' id='page_1' title='image "./pvirgiliusmaroq02barbgoog_0129.png"; bbox 0 0 2700 4586; ppageno 0'>
   <div class='ocr_carea' id='block_1_1' title="bbox 342 309 1097 386">
    <p class='ocr_par' dir='ltr' id='par_1_1' title="bbox 342 309 1097 386">
     <span class='ocr_line' id='line_1_1' title="bbox 342 309 1097 386; baseline 0.015 -13"><span class='ocrx_word' id='word_1_1' title='bbox 342 311 395 373; x_wconf 89' lang='lat' dir='ltr'><strong>IN</strong></span> <span class='ocrx_word' id='word_1_2' title='bbox 418 309 652 386; x_wconf 83' lang='lat' dir='ltr'>AENEIDOS</span> <span class='ocrx_word' id='word_1_3' title='bbox 675 310 768 374; x_wconf 86' lang='lat' dir='ltr'><strong>LIB.</strong></span> <span class='ocrx_word' id='word_1_4' title='bbox 793 312 818 374; x_wconf 90' lang='lat'><strong>1.</strong></span> <span class='ocrx_word' id='word_1_5' title='bbox 1056 320 1097 384; x_wconf 83' lang='grc'><strong>83</strong></span> 
     </span>
    </p>
   </div>
   <div class='ocr_carea' id='block_1_2' title="bbox 52 430 1104 2735">
    <p class='ocr_par' dir='ltr' id='par_1_2' title="bbox 52 430 1100 792">
     <span class='ocr_line' id='line_1_2' title="bbox 54 430 1098 514; baseline 0.007 -20"><span class='ocrx_word' id='word_1_6' title='bbox 54 431 118 494; x_wconf 79' lang='lat' dir='ltr'><strong>Afri</strong></span> <span class='ocrx_word' id='word_1_7' title='bbox 136 432 261 514; x_wconf 81' lang='lat' dir='ltr'>quippe</span> <span class='ocrx_word' id='word_1_8' title='bbox 274 431 414 512; x_wconf 78' lang='lat' dir='ltr'><strong>ambigui</strong></span> <span class='ocrx_word' id='word_1_9' title='bbox 428 443 512 506; x_wconf 81' lang='lat' dir='ltr'><strong>suat,</strong></span> <span class='ocrx_word' id='word_1_10' title='bbox 526 443 557 494; x_wconf 89' lang='lat' dir='ltr'><strong>et</strong></span> <span class='ocrx_word' id='word_1_11' title='bbox 569 430 740 511; x_wconf 58' lang='lat' dir='ltr'><strong>bilinguem</strong></span> <span class='ocrx_word' id='word_1_12' title='bbox 757 449 793 492; x_wconf 86' lang='lat' dir='ltr'><strong>ac</strong></span> <span class='ocrx_word' id='word_1_13' title='bbox 808 433 937 514; x_wconf 83' lang='lat' dir='ltr'>perinde</span> <span class='ocrx_word' id='word_1_14' title='bbox 949 437 1079 500; x_wconf 86' lang='lat' dir='ltr'><strong>mobiles</strong></span> <span class='ocrx_word' id='word_1_15' title='bbox 1086 435 1098 501; x_wconf 74' lang='grc' dir='ltr'><strong>ἰ</strong></span> 
     </span>
     <span class='ocr_line' id='line_1_3' title="bbox 52 521 1100 603; baseline 0.008 -21"><span class='ocrx_word' id='word_1_16' title='bbox 52 525 153 599; x_wconf 81' lang='lat' dir='ltr'><strong>duno,</strong></span> <span class='ocrx_word' id='word_1_17' title='bbox 168 536 206 584; x_wconf 92' lang='lat' dir='ltr'><strong>ut</strong></span> <span class='ocrx_word' id='word_1_18' title='bbox 218 541 288 602; x_wconf 83' lang='lat' dir='ltr'><strong>quae</strong></span> <span class='ocrx_word' id='word_1_19' title='bbox 299 534 398 594; x_wconf 73' lang='lat' dir='ltr'><strong>anor,</strong></span> <span class='ocrx_word' id='word_1_20' title='bbox 411 521 560 586; x_wconf 76' lang='lat' dir='ltr'><strong>Venerem</strong></span> <span class='ocrx_word' id='word_1_21' title='bbox 576 523 646 594; x_wconf 79' lang='lat' dir='ltr'><strong>urit,</strong></span> <span class='ocrx_word' id='word_1_22' title='bbox 658 535 689 582; x_wconf 91' lang='lat' dir='ltr'><strong>et</strong></span> <span class='ocrx_word' id='word_1_23' title='bbox 702 523 910 603; x_wconf 74' lang='lat' dir='ltr'><strong>quiescentem</strong></span> <span class='ocrx_word' id='word_1_24' title='bbox 923 523 1025 586; x_wconf 84' lang='lat' dir='ltr'><strong>adhuc</strong></span> <span class='ocrx_word' id='word_1_25' title='bbox 1035 549 1100 590; x_wconf 88' lang='lat' dir='ltr'><strong>non</strong></span> 
     </span>
     <span class='ocr_line' id='line_1_4' title="bbox 53 607 1100 698; baseline 0.006 -28"><span class='ocrx_word' id='word_1_26' title='bbox 53 612 145 686; x_wconf 89' lang='lat' dir='ltr'><strong>sinit,</strong></span> <span class='ocrx_word' id='word_1_27' title='bbox 158 611 281 692; x_wconf 84' lang='lat' dir='ltr'><strong>quippe</strong></span> <span class='ocrx_word' id='word_1_28' title='bbox 293 621 512 682; x_wconf 74' lang='lat' dir='ltr'><strong>moerentem,</strong></span> <span class='ocrx_word' id='word_1_29' title='bbox 521 607 554 668; x_wconf 91' lang='lat' dir='ltr'><strong>id</strong></span> <span class='ocrx_word' id='word_1_30' title='bbox 563 621 622 685; x_wconf 82' lang='lat' dir='ltr'><strong>eet,</strong></span> <span class='ocrx_word' id='word_1_31' title='bbox 632 611 762 670; x_wconf 73' lang='lat' dir='ltr'><strong>recurrit</strong></span> <span class='ocrx_word' id='word_1_32' title='bbox 771 617 1100 698; x_wconf 63' lang='lat' dir='ltr'><strong>sepe„perpuugitque</strong></span> 
     </span>
     <span class='ocr_line' id='line_1_5' title="bbox 54 697 775 792; baseline -0.006 -34"><span class='ocrx_word' id='word_1_33' title='bbox 54 699 223 773; x_wconf 85' lang='lat' dir='ltr'>Venerem,</span> <span class='ocrx_word' id='word_1_34' title='bbox 238 712 335 778; x_wconf 86' lang='lat' dir='ltr'><strong>atque</strong></span> <span class='ocrx_word' id='word_1_35' title='bbox 348 697 473 758; x_wconf 76' lang='lat' dir='ltr'><strong>sauciet.</strong></span> <span class='ocrx_word' id='word_1_36' title='bbox 770 767 775 792; x_wconf 42' lang='lat'><strong>⁴</strong></span> 
     </span>
    </p>

    <p class='ocr_par' dir='ltr' id='par_1_3' title="bbox 54 785 1100 958">
     <span class='ocr_line' id='line_1_6' title="bbox 91 785 1100 868; baseline 0.005 -20"><span class='ocrx_word' id='word_1_37' title='bbox 91 785 162 848; x_wconf 82' lang='lat'><strong>663.</strong></span> <span class='ocrx_word' id='word_1_38' title='bbox 177 786 348 848; x_wconf 77' lang='lat' dir='ltr'>Conclusio</span> <span class='ocrx_word' id='word_1_39' title='bbox 363 787 611 866; x_wconf 67' lang='lat' dir='ltr'><strong>cogitationum,</strong></span> <span class='ocrx_word' id='word_1_40' title='bbox 622 808 697 868; x_wconf 79' lang='lat' dir='ltr'><strong>quar</strong></span> <span class='ocrx_word' id='word_1_41' title='bbox 710 805 816 848; x_wconf 82' lang='lat' dir='ltr'><strong>aecum</strong></span> <span class='ocrx_word' id='word_1_42' title='bbox 830 789 935 850; x_wconf 77' lang='lat' dir='ltr'><strong>Venus</strong></span> <span class='ocrx_word' id='word_1_43' title='bbox 947 791 1100 868; x_wconf 65' lang='lat' dir='ltr'><strong>volueram</strong></span> 
     </span>
     <span class='ocr_line' id='line_1_7' title="bbox 54 873 1056 958; baseline -0.002 -23"><span class='ocrx_word' id='word_1_44' title='bbox 54 875 353 958; x_wconf 79' lang='lat' dir='ltr'><strong>adititaquefilium&#39;</strong></span> <span class='ocrx_word' id='word_1_45' title='bbox 364 873 563 957; x_wconf 79' lang='lat' dir='ltr'><strong>Cupidinem.</strong></span> <span class='ocrx_word' id='word_1_46' title='bbox 1053 907 1056 912; x_wconf 86' lang='lat'><em>·</em></span> 
     </span>
    </p>

    <p class='ocr_par' dir='ltr' id='par_1_4' title="bbox 53 963 1103 2008">
     <span class='ocr_line' id='line_1_8' title="bbox 89 963 1100 1046; baseline 0.006 -20"><span class='ocrx_word' id='word_1_47' title='bbox 89 965 161 1041; x_wconf 73' lang='lat'><strong>664.</strong></span> <span class='ocrx_word' id='word_1_48' title='bbox 172 968 216 1026; x_wconf 91' lang='lat' dir='ltr'><strong>Hi</strong></span> <span class='ocrx_word' id='word_1_49' title='bbox 226 979 287 1026; x_wconf 78' lang='lat' dir='ltr'><strong>tres</strong></span> <span class='ocrx_word' id='word_1_50' title='bbox 297 985 401 1026; x_wconf 75' lang='lat' dir='ltr'><strong>versus</strong></span> <span class='ocrx_word' id='word_1_51' title='bbox 408 963 573 1027; x_wconf 78' lang='lat' dir='ltr'><strong>exordium</strong></span> <span class='ocrx_word' id='word_1_52' title='bbox 580 965 757 1034; x_wconf 84' lang='lat' dir='ltr'><strong>continent:</strong></span> <span class='ocrx_word' id='word_1_53' title='bbox 766 977 869 1046; x_wconf 83' lang='lat' dir='ltr'><strong>captat</strong></span> <span class='ocrx_word' id='word_1_54' title='bbox 876 965 976 1026; x_wconf 85' lang='lat' dir='ltr'><strong>filium</strong></span> <span class='ocrx_word' id='word_1_55' title='bbox 984 969 1100 1032; x_wconf 82' lang='lat' dir='ltr'><strong>affectu</strong></span> 
     </span>
     <span class='ocr_line' id='line_1_9' title="bbox 53 1051 1100 1138; baseline 0.004 -24"><span class='ocrx_word' id='word_1_56' title='bbox 53 1056 187 1130; x_wconf 83' lang='lat' dir='ltr'><strong>amoris,</strong></span> <span class='ocrx_word' id='word_1_57' title='bbox 199 1056 249 1115; x_wconf 85' lang='lat' dir='ltr'><strong>bis</strong></span> <span class='ocrx_word' id='word_1_58' title='bbox 261 1074 376 1114; x_wconf 78' lang='lat' dir='ltr'><strong>vocum</strong></span> <span class='ocrx_word' id='word_1_59' title='bbox 385 1065 512 1127; x_wconf 85' lang='lat' dir='ltr'><strong>natum;</strong></span> <span class='ocrx_word' id='word_1_60' title='bbox 521 1066 627 1138; x_wconf 86' lang='lat' dir='ltr'><strong>captet</strong></span> <span class='ocrx_word' id='word_1_61' title='bbox 637 1052 808 1134; x_wconf 75' lang='lat' dir='ltr'><strong>predicans</strong></span> <span class='ocrx_word' id='word_1_62' title='bbox 817 1051 902 1114; x_wconf 86' lang='lat' dir='ltr'><strong>illins</strong></span> <span class='ocrx_word' id='word_1_63' title='bbox 912 1060 1100 1135; x_wconf 83' lang='lat' dir='ltr'><strong>potentiam3</strong></span> 
     </span>
     <span class='ocr_line' id='line_1_10' title="bbox 53 1139 1101 1227; baseline 0.007 -27"><span class='ocrx_word' id='word_1_64' title='bbox 53 1139 118 1202; x_wconf 81' lang='lat' dir='ltr'><strong>haec</strong></span> <span class='ocrx_word' id='word_1_65' title='bbox 131 1140 252 1223; x_wconf 75' lang='lat' dir='ltr'><strong>duplex</strong></span> <span class='ocrx_word' id='word_1_66' title='bbox 265 1154 324 1216; x_wconf 83' lang='lat' dir='ltr'><strong>est;</strong></span> <span class='ocrx_word' id='word_1_67' title='bbox 336 1157 410 1204; x_wconf 84' lang='lat' dir='ltr'><strong>nem</strong></span> <span class='ocrx_word' id='word_1_68' title='bbox 424 1154 455 1204; x_wconf 79' lang='lat' dir='ltr'><strong>et</strong></span> <span class='ocrx_word' id='word_1_69' title='bbox 466 1142 575 1202; x_wconf 77' lang='lat' dir='ltr'><strong>metria</strong></span> <span class='ocrx_word' id='word_1_70' title='bbox 587 1142 716 1202; x_wconf 74' lang='lat' dir='ltr'><strong>Veneria</strong></span> <span class='ocrx_word' id='word_1_71' title='bbox 729 1142 821 1202; x_wconf 73' lang='lat' dir='ltr'><strong>uuita</strong></span> <span class='ocrx_word' id='word_1_72' title='bbox 832 1144 985 1202; x_wconf 76' lang='lat' dir='ltr'><strong>cervinus</strong></span> <span class='ocrx_word' id='word_1_73' title='bbox 996 1167 1030 1206; x_wconf 84' lang='lat' dir='ltr'><strong>ec</strong></span> <span class='ocrx_word' id='word_1_74' title='bbox 1044 1167 1101 1227; x_wconf 90' lang='lat' dir='ltr'><strong>po-</strong></span> 
     </span>
     <span class='ocr_line' id='line_1_11' title="bbox 55 1224 1101 1311; baseline 0.007 -23"><span class='ocrx_word' id='word_1_75' title='bbox 55 1233 167 1305; x_wconf 72' lang='lat' dir='ltr'><strong>tentie,</strong></span> <span class='ocrx_word' id='word_1_76' title='bbox 175 1247 213 1292; x_wconf 86' lang='lat' dir='ltr'><strong>-et</strong></span> <span class='ocrx_word' id='word_1_77' title='bbox 221 1232 310 1292; x_wconf 77' lang='lat' dir='ltr'><strong>dotis</strong></span> <span class='ocrx_word' id='word_1_78' title='bbox 319 1229 466 1311; x_wconf 67' lang='lat' dir='ltr'><strong>illiusque</strong></span> <span class='ocrx_word' id='word_1_79' title='bbox 478 1229 651 1292; x_wconf 73' lang='lat' dir='ltr'><strong>fulminum</strong></span> <span class='ocrx_word' id='word_1_80' title='bbox 660 1243 875 1311; x_wconf 65' lang='lat' dir='ltr'><strong>contemptum</strong></span> <span class='ocrx_word' id='word_1_81' title='bbox 889 1224 944 1289; x_wconf 87' lang='lat' dir='ltr'><strong>illa</strong></span> <span class='ocrx_word' id='word_1_82' title='bbox 957 1233 1101 1296; x_wconf 83' lang='lat' dir='ltr'><strong>videlicet</strong></span> 
     </span>
     <span class='ocr_line' id='line_1_12' title="bbox 54 1317 1101 1404; baseline 0.009 -28"><span class='ocrx_word' id='word_1_83' title='bbox 54 1317 189 1379; x_wconf 75' lang='lat' dir='ltr'><strong>fulmina</strong></span> <span class='ocrx_word' id='word_1_84' title='bbox 201 1321 390 1395; x_wconf 88' lang='lat' dir='ltr'><strong>contemnit,</strong></span> <span class='ocrx_word' id='word_1_85' title='bbox 406 1317 521 1401; x_wconf 74' lang='lat' dir='ltr'><strong>quibus</strong></span> <span class='ocrx_word' id='word_1_86' title='bbox 536 1320 660 1400; x_wconf 79' lang='lat' dir='ltr'><strong>Jupiter</strong></span> <span class='ocrx_word' id='word_1_87' title='bbox 674 1318 851 1401; x_wconf 78' lang='lat' dir='ltr'><strong>&#39;lyphmum</strong></span> <span class='ocrx_word' id='word_1_88' title='bbox 867 1319 1014 1398; x_wconf 84' lang='lat' dir='ltr'><strong>confecit,</strong></span> <span class='ocrx_word' id='word_1_89' title='bbox 1031 1345 1101 1404; x_wconf 82' lang='lat' dir='ltr'><strong>quae</strong></span> 
     </span>
     <span class='ocr_line' id='line_1_13' title="bbox 56 1407 1102 1490; baseline 0.007 -24"><span class='ocrx_word' id='word_1_90' title='bbox 56 1410 150 1482; x_wconf 83' lang='lat' dir='ltr'><strong>ucria,</strong></span> <span class='ocrx_word' id='word_1_91' title='bbox 165 1422 196 1468; x_wconf 86' lang='lat' dir='ltr'><strong>et</strong></span> <span class='ocrx_word' id='word_1_92' title='bbox 209 1408 295 1485; x_wconf 90' lang='lat' dir='ltr'><strong>dira,</strong></span> <span class='ocrx_word' id='word_1_93' title='bbox 308 1422 339 1468; x_wconf 90' lang='lat' dir='ltr'><strong>et</strong></span> <span class='ocrx_word' id='word_1_94' title='bbox 350 1409 390 1468; x_wconf 88' lang='lat' dir='ltr'><strong>ab</strong></span> <span class='ocrx_word' id='word_1_95' title='bbox 402 1407 551 1470; x_wconf 87' lang='lat' dir='ltr'><strong>omnibus</strong></span> <span class='ocrx_word' id='word_1_96' title='bbox 561 1407 745 1490; x_wconf 74' lang='lat' dir='ltr'><strong>praedicata,</strong></span> <span class='ocrx_word' id='word_1_97' title='bbox 758 1423 795 1468; x_wconf 86' lang='lat' dir='ltr'><strong>ut</strong></span> <span class='ocrx_word' id='word_1_98' title='bbox 806 1411 980 1470; x_wconf 79' lang='lat' dir='ltr'><strong>suerireirna.</strong></span> <span class='ocrx_word' id='word_1_99' title='bbox 993 1412 1102 1472; x_wconf 79' lang='lat' dir='ltr'><strong>Absol-</strong></span> 
     </span>
     <span class='ocr_line' id='line_1_14' title="bbox 55 1496 1102 1580; baseline 0.006 -26"><span class='ocrx_word' id='word_1_100' title='bbox 55 1498 100 1556; x_wconf 86' lang='lat' dir='ltr'><strong>vit</strong></span> <span class='ocrx_word' id='word_1_101' title='bbox 118 1496 286 1558; x_wconf 83' lang='lat' dir='ltr'><strong>exordium</strong></span> <span class='ocrx_word' id='word_1_102' title='bbox 305 1499 390 1572; x_wconf 69' lang='lat' dir='ltr'><strong>istie,</strong></span> <span class='ocrx_word' id='word_1_103' title='bbox 409 1497 460 1558; x_wconf 78' lang='lat' dir='ltr'><strong>Ad</strong></span> <span class='ocrx_word' id='word_1_104' title='bbox 474 1497 505 1574; x_wconf 55' lang='lat' dir='ltr'><strong>fte</strong></span> <span class='ocrx_word' id='word_1_105' title='bbox 524 1497 664 1580; x_wconf 70' lang='lat' dir='ltr'><strong>corfirpio</strong></span> <span class='ocrx_word' id='word_1_106' title='bbox 674 1521 686 1570; x_wconf 89' lang='lat'><em>;</em></span> <span class='ocrx_word' id='word_1_107' title='bbox 700 1497 777 1578; x_wconf 89' lang='lat' dir='ltr'><strong>quid</strong></span> <span class='ocrx_word' id='word_1_108' title='bbox 796 1513 860 1562; x_wconf 85' lang='lat' dir='ltr'><strong>nou</strong></span> <span class='ocrx_word' id='word_1_109' title='bbox 879 1512 976 1558; x_wconf 85' lang='lat' dir='ltr'><strong>muter</strong></span> <span class='ocrx_word' id='word_1_110' title='bbox 997 1521 1015 1558; x_wconf 90' lang='lat' dir='ltr'><strong>a</strong></span> <span class='ocrx_word' id='word_1_111' title='bbox 1036 1499 1102 1560; x_wconf 87' lang='lat' dir='ltr'><strong>filio</strong></span> 
     </span>
     <span class='ocr_line' id='line_1_15' title="bbox 56 1579 1102 1668; baseline 0.006 -26"><span class='ocrx_word' id='word_1_112' title='bbox 56 1583 213 1646; x_wconf 79' lang='lat' dir='ltr'><strong>obtineat?</strong></span> <span class='ocrx_word' id='word_1_113' title='bbox 227 1599 257 1646; x_wconf 84' lang='lat' dir='ltr'><strong>ct</strong></span> <span class='ocrx_word' id='word_1_114' title='bbox 270 1583 391 1667; x_wconf 75' lang='lat' dir='ltr'><strong>rupplex</strong></span> <span class='ocrx_word' id='word_1_115' title='bbox 410 1597 460 1646; x_wconf 80' lang='lat' dir='ltr'><strong>tua</strong></span> <span class='ocrx_word' id='word_1_116' title='bbox 473 1586 596 1646; x_wconf 83' lang='lat' dir='ltr'><strong>numina</strong></span> <span class='ocrx_word' id='word_1_117' title='bbox 609 1605 712 1665; x_wconf 77' lang='lat' dir='ltr'><strong>poseo,</strong></span> <span class='ocrx_word' id='word_1_118' title='bbox 730 1579 806 1665; x_wconf 89' lang='lat' dir='ltr'><strong>quid</strong></span> <span class='ocrx_word' id='word_1_119' title='bbox 816 1585 990 1646; x_wconf 78' lang='lat' dir='ltr'><strong>elflcaciue?</strong></span> <span class='ocrx_word' id='word_1_120' title='bbox 1001 1590 1102 1668; x_wconf 76' lang='lat' dir='ltr'><strong>cogita</strong></span> 
     </span>
     <span class='ocr_line' id='line_1_16' title="bbox 57 1672 1103 1758; baseline 0.004 -26"><span class='ocrx_word' id='word_1_121' title='bbox 57 1689 202 1751; x_wconf 73' lang='lat' dir='ltr'><strong>matrem,</strong></span> <span class='ocrx_word' id='word_1_122' title='bbox 219 1689 252 1738; x_wconf 86' lang='lat' dir='ltr'><strong>et</strong></span> <span class='ocrx_word' id='word_1_123' title='bbox 267 1673 388 1737; x_wconf 78' lang='lat' dir='ltr'><strong>videbit</strong></span> <span class='ocrx_word' id='word_1_124' title='bbox 404 1675 475 1755; x_wconf 81' lang='lat' dir='ltr'><strong>quia</strong></span> <span class='ocrx_word' id='word_1_125' title='bbox 488 1673 541 1734; x_wconf 87' lang='lat' dir='ltr'><strong>hle</strong></span> <span class='ocrx_word' id='word_1_126' title='bbox 556 1672 695 1735; x_wconf 75' lang='lat' dir='ltr'><strong>affectur-</strong></span> <span class='ocrx_word' id='word_1_127' title='bbox 712 1673 793 1735; x_wconf 86' lang='lat' dir='ltr'><strong>Nolo</strong></span> <span class='ocrx_word' id='word_1_128' title='bbox 806 1687 926 1750; x_wconf 80' lang='lat' dir='ltr'><strong>tamen,</strong></span> <span class='ocrx_word' id='word_1_129' title='bbox 939 1691 974 1736; x_wconf 90' lang='lat' dir='ltr'><strong>ut</strong></span> <span class='ocrx_word' id='word_1_130' title='bbox 987 1677 1103 1758; x_wconf 78' lang='lat' dir='ltr'><strong>suppli·</strong></span> 
     </span>
     <span class='ocr_line' id='line_1_17' title="bbox 56 1761 1100 1846; baseline 0.001 -22"><span class='ocrx_word' id='word_1_131' title='bbox 56 1763 232 1824; x_wconf 83' lang='lat' dir='ltr'><strong>cobundem</strong></span> <span class='ocrx_word' id='word_1_132' title='bbox 253 1779 384 1846; x_wconf 85' lang='lat' dir='ltr'><strong>corpore</strong></span> <span class='ocrx_word' id='word_1_133' title='bbox 400 1761 576 1842; x_wconf 65' lang='lat' dir='ltr'><strong>intelligas,</strong></span> <span class='ocrx_word' id='word_1_134' title='bbox 593 1776 718 1822; x_wconf 82' lang='lat' dir='ltr'><strong>tentum</strong></span> <span class='ocrx_word' id='word_1_135' title='bbox 733 1779 826 1824; x_wconf 86' lang='lat' dir='ltr'><strong>voce:</strong></span> <span class='ocrx_word' id='word_1_136' title='bbox 845 1775 881 1824; x_wconf 91' lang='lat' dir='ltr'><strong>ut</strong></span> <span class='ocrx_word' id='word_1_137' title='bbox 897 1761 1017 1845; x_wconf 73' lang='lat' dir='ltr'><strong>supplet</strong></span> <span class='ocrx_word' id='word_1_138' title='bbox 1032 1764 1100 1841; x_wconf 88' lang='lat' dir='ltr'><strong>hic,</strong></span> 
     </span>
     <span class='ocr_line' id='line_1_18' title="bbox 55 1851 1102 1936; baseline 0.004 -26"><span class='ocrx_word' id='word_1_139' title='bbox 55 1855 93 1912; x_wconf 80' lang='lat' dir='ltr'><strong>rit</strong></span> <span class='ocrx_word' id='word_1_140' title='bbox 110 1853 312 1936; x_wconf 77' lang='lat' dir='ltr'><strong>supplicem:</strong></span> <span class='ocrx_word' id='word_1_141' title='bbox 331 1871 454 1916; x_wconf 81' lang='lat' dir='ltr'><strong>recurre</strong></span> <span class='ocrx_word' id='word_1_142' title='bbox 471 1851 510 1912; x_wconf 86' lang='lat' dir='ltr'><strong>ed</strong></span> <span class='ocrx_word' id='word_1_143' title='bbox 529 1851 622 1929; x_wconf 85' lang='lat' dir='ltr'><strong>illud,</strong></span> <span class='ocrx_word' id='word_1_144' title='bbox 641 1851 693 1913; x_wconf 82' lang='lat' dir='ltr'><strong>Ad</strong></span> <span class='ocrx_word' id='word_1_145' title='bbox 707 1869 794 1933; x_wconf 82' lang='lat' dir='ltr'><strong>quem</strong></span> <span class='ocrx_word' id='word_1_146' title='bbox 809 1865 872 1912; x_wconf 80' lang='lat' dir='ltr'><strong>turn</strong></span> <span class='ocrx_word' id='word_1_147' title='bbox 885 1854 966 1914; x_wconf 74' lang='lat' dir='ltr'><strong>luno</strong></span> <span class='ocrx_word' id='word_1_148' title='bbox 980 1853 1102 1936; x_wconf 78' lang='lat' dir='ltr'><strong>supplex</strong></span> 
     </span>
     <span class='ocr_line' id='line_1_19' title="bbox 62 1939 1094 2008; baseline 0.003 -7"><span class='ocrx_word' id='word_1_149' title='bbox 62 1940 361 2008; x_wconf 65' lang='lat' dir='ltr'><strong>recommonet.</strong></span> <span class='ocrx_word' id='word_1_150' title='bbox 1092 1939 1094 1950; x_wconf 72' lang='grc'>’</span> 
     </span>
    </p>

    <p class='ocr_par' dir='ltr' id='par_1_5' title="bbox 57 2029 1104 2735">
     <span class='ocr_line' id='line_1_20' title="bbox 94 2029 1103 2116; baseline -0.001 -23"><span class='ocrx_word' id='word_1_151' title='bbox 94 2033 174 2116; x_wconf 84' lang='grc'><strong>667.·</strong></span> <span class='ocrx_word' id='word_1_152' title='bbox 183 2033 296 2094; x_wconf 80' lang='lat' dir='ltr'><strong>Oratio</strong></span> <span class='ocrx_word' id='word_1_153' title='bbox 310 2031 378 2094; x_wconf 79' lang='lat' dir='ltr'><strong>haec</strong></span> <span class='ocrx_word' id='word_1_154' title='bbox 393 2045 438 2092; x_wconf 79' lang='lat' dir='ltr'><strong>est</strong></span> <span class='ocrx_word' id='word_1_155' title='bbox 454 2033 488 2092; x_wconf 91' lang='lat' dir='ltr'><strong>in</strong></span> <span class='ocrx_word' id='word_1_156' title='bbox 500 2051 611 2112; x_wconf 69' lang='lat' dir='ltr'><strong>genere</strong></span> <span class='ocrx_word' id='word_1_157' title='bbox 626 2029 829 2092; x_wconf 83' lang='lat' dir='ltr'><strong>deliberativo</strong></span> <span class='ocrx_word' id='word_1_158' title='bbox 841 2055 848 2090; x_wconf 77' lang='lat' dir='ltr'><strong><em>z</em></strong></span> <span class='ocrx_word' id='word_1_159' title='bbox 863 2049 927 2092; x_wconf 88' lang='lat' dir='ltr'><strong>rem</strong></span> <span class='ocrx_word' id='word_1_160' title='bbox 939 2030 1035 2092; x_wconf 81' lang='lat' dir='ltr'><strong>elficit</strong></span> <span class='ocrx_word' id='word_1_161' title='bbox 1046 2035 1103 2092; x_wconf 89' lang='lat' dir='ltr'><strong>Ve-</strong></span> 
     </span>
     <span class='ocr_line' id='line_1_21' title="bbox 59 2120 1104 2204; baseline -0.008 -22"><span class='ocrx_word' id='word_1_162' title='bbox 59 2143 114 2182; x_wconf 80' lang='lat' dir='ltr'><strong>nus</strong></span> <span class='ocrx_word' id='word_1_163' title='bbox 124 2123 164 2182; x_wconf 89' lang='lat' dir='ltr'><strong>ab</strong></span> <span class='ocrx_word' id='word_1_164' title='bbox 173 2120 276 2204; x_wconf 80' lang='lat' dir='ltr'><strong>justo,</strong></span> <span class='ocrx_word' id='word_1_165' title='bbox 287 2120 434 2197; x_wconf 80' lang='lat' dir='ltr'><strong>honesto,</strong></span> <span class='ocrx_word' id='word_1_166' title='bbox 447 2121 547 2196; x_wconf 86' lang='lat' dir='ltr'><strong>facili,</strong></span> <span class='ocrx_word' id='word_1_167' title='bbox 560 2121 743 2182; x_wconf 71' lang='lat' dir='ltr'><strong>necessario.</strong></span> <span class='ocrx_word' id='word_1_168' title='bbox 753 2122 863 2190; x_wconf 81' lang='lat' dir='ltr'><strong>ineunt</strong></span> <span class='ocrx_word' id='word_1_169' title='bbox 872 2123 965 2180; x_wconf 86' lang='lat' dir='ltr'><strong>etiam</strong></span> <span class='ocrx_word' id='word_1_170' title='bbox 976 2123 1104 2180; x_wconf 88' lang='lat' dir='ltr'><strong>circum.</strong></span> 
     </span>
     <span class='ocr_line' id='line_1_22' title="bbox 59 2207 1104 2293; baseline -0.003 -21"><span class='ocrx_word' id='word_1_171' title='bbox 59 2213 181 2272; x_wconf 82' lang='lat' dir='ltr'><strong>stantiae</strong></span> <span class='ocrx_word' id='word_1_172' title='bbox 195 2212 347 2293; x_wconf 81' lang='lat' dir='ltr'><strong>temporis</strong></span> <span class='ocrx_word' id='word_1_173' title='bbox 359 2224 390 2276; x_wconf 89' lang='lat' dir='ltr'><strong>et</strong></span> <span class='ocrx_word' id='word_1_174' title='bbox 402 2209 545 2272; x_wconf 87' lang='lat' dir='ltr'><strong>locorum</strong></span> <span class='ocrx_word' id='word_1_175' title='bbox 556 2231 562 2268; x_wconf 92' lang='lat'>:</span> <span class='ocrx_word' id='word_1_176' title='bbox 575 2230 648 2290; x_wconf 74' lang='lat' dir='ltr'><strong>ergo</strong></span> <span class='ocrx_word' id='word_1_177' title='bbox 660 2221 785 2292; x_wconf 77' lang='lat' dir='ltr'><strong>peracto</strong></span> <span class='ocrx_word' id='word_1_178' title='bbox 795 2207 860 2290; x_wconf 71' lang='lat' dir='ltr'><strong>jum</strong></span> <span class='ocrx_word' id='word_1_179' title='bbox 872 2208 1013 2283; x_wconf 83' lang='lat' dir='ltr'><strong>exordio,</strong></span> <span class='ocrx_word' id='word_1_180' title='bbox 1027 2211 1104 2269; x_wconf 85' lang='lat' dir='ltr'><strong>inci·</strong></span> 
     </span>
     <span class='ocr_line' id='line_1_23' title="bbox 58 2297 1103 2383; baseline -0.003 -23"><span class='ocrx_word' id='word_1_181' title='bbox 58 2305 104 2383; x_wconf 90' lang='lat' dir='ltr'><strong>pit</strong></span> <span class='ocrx_word' id='word_1_182' title='bbox 121 2303 356 2362; x_wconf 78' lang='lat' dir='ltr'><strong>narrationem:</strong></span> <span class='ocrx_word' id='word_1_183' title='bbox 377 2320 440 2381; x_wconf 91' lang='lat' dir='ltr'><strong>quo</strong></span> <span class='ocrx_word' id='word_1_184' title='bbox 457 2319 531 2359; x_wconf 87' lang='lat' dir='ltr'><strong>vero</strong></span> <span class='ocrx_word' id='word_1_185' title='bbox 550 2297 711 2360; x_wconf 79' lang='lat' dir='ltr'><strong>efficacius</strong></span> <span class='ocrx_word' id='word_1_186' title='bbox 730 2312 838 2379; x_wconf 72' lang='lat' dir='ltr'><strong>urgeat</strong></span> <span class='ocrx_word' id='word_1_187' title='bbox 856 2312 979 2373; x_wconf 89' lang='lat' dir='ltr'><strong>natum,</strong></span> <span class='ocrx_word' id='word_1_188' title='bbox 1000 2299 1103 2379; x_wconf 87' lang='lat' dir='ltr'><strong>ipsum</strong></span> 
     </span>
     <span class='ocr_line' id='line_1_24' title="bbox 57 2385 1103 2469; baseline -0.004 -19"><span class='ocrx_word' id='word_1_189' title='bbox 57 2406 163 2450; x_wconf 86' lang='lat' dir='ltr'><strong>testem</strong></span> <span class='ocrx_word' id='word_1_190' title='bbox 179 2388 324 2463; x_wconf 82' lang='lat' dir='ltr'><strong>adducit,</strong></span> <span class='ocrx_word' id='word_1_191' title='bbox 337 2391 433 2461; x_wconf 84' lang='lat' dir='ltr'><strong>Nota,</strong></span> <span class='ocrx_word' id='word_1_192' title='bbox 446 2388 566 2469; x_wconf 87' lang='lat' dir='ltr'><strong>inquit,</strong></span> <span class='ocrx_word' id='word_1_193' title='bbox 580 2386 630 2448; x_wconf 80' lang='lat' dir='ltr'><strong>tibi</strong></span> <span class='ocrx_word' id='word_1_194' title='bbox 640 2400 722 2462; x_wconf 80' lang='lat' dir='ltr'><strong>runt,</strong></span> <span class='ocrx_word' id='word_1_195' title='bbox 735 2401 791 2448; x_wconf 86' lang='lat' dir='ltr'><strong>etc.</strong></span> <span class='ocrx_word' id='word_1_196' title='bbox 809 2385 1103 2466; x_wconf 84' lang='lat' dir='ltr'><strong>Adjicitfraternam</strong></span> 
     </span>
     <span class='ocr_line' id='line_1_25' title="bbox 57 2474 1103 2559; baseline -0.002 -23"><span class='ocrx_word' id='word_1_197' title='bbox 57 2477 379 2550; x_wconf 78' lang='lat' dir='ltr'><strong>commiserationem,</strong></span> <span class='ocrx_word' id='word_1_198' title='bbox 392 2488 427 2535; x_wconf 88' lang='lat' dir='ltr'><strong>ut</strong></span> <span class='ocrx_word' id='word_1_199' title='bbox 438 2496 537 2558; x_wconf 89' lang='lat' dir='ltr'><strong>quum</strong></span> <span class='ocrx_word' id='word_1_200' title='bbox 549 2474 759 2559; x_wconf 80' lang='lat' dir='ltr'><strong>audiatfnrtcr</strong></span> <span class='ocrx_word' id='word_1_201' title='bbox 770 2488 847 2548; x_wconf 81' lang='lat' dir='ltr'><strong>tum,</strong></span> <span class='ocrx_word' id='word_1_202' title='bbox 861 2488 949 2555; x_wconf 88' lang='lat' dir='ltr'><strong>putet</strong></span> <span class='ocrx_word' id='word_1_203' title='bbox 961 2495 1026 2534; x_wconf 92' lang='lat' dir='ltr'><strong>rem</strong></span> <span class='ocrx_word' id='word_1_204' title='bbox 1038 2494 1103 2534; x_wconf 82' lang='lat' dir='ltr'><strong>esse</strong></span> 
     </span>
     <span class='ocr_line' id='line_1_26' title="bbox 59 2559 1103 2649; baseline 0 -25"><span class='ocrx_word' id='word_1_205' title='bbox 59 2569 229 2649; x_wconf 83' lang='lat' dir='ltr'><strong>proprium.</strong></span> <span class='ocrx_word' id='word_1_206' title='bbox 242 2565 296 2624; x_wconf 87' lang='lat' dir='ltr'><strong>Est</strong></span> <span class='ocrx_word' id='word_1_207' title='bbox 306 2565 391 2624; x_wconf 90' lang='lat' dir='ltr'><strong>enim</strong></span> <span class='ocrx_word' id='word_1_208' title='bbox 403 2561 466 2624; x_wconf 90' lang='lat' dir='ltr'><strong>hoo</strong></span> <span class='ocrx_word' id='word_1_209' title='bbox 478 2561 743 2641; x_wconf 76' lang='lat' dir='ltr'><strong>efficacissimum,</strong></span> <span class='ocrx_word' id='word_1_210' title='bbox 752 2566 821 2637; x_wconf 81' lang='lat' dir='ltr'><strong>eois,</strong></span> <span class='ocrx_word' id='word_1_211' title='bbox 833 2565 962 2646; x_wconf 76' lang='lat' dir='ltr'><strong>utfinter</strong></span> <span class='ocrx_word' id='word_1_212' title='bbox 971 2559 1103 2644; x_wconf 83' lang='lat' dir='ltr'><strong>tunsjac·</strong></span> 
     </span>
     <span class='ocr_line' id='line_1_27' title="bbox 61 2649 1102 2735; baseline -0.004 -23"><span class='ocrx_word' id='word_1_213' title='bbox 61 2668 130 2714; x_wconf 82' lang='lat' dir='ltr'><strong>temr</strong></span> <span class='ocrx_word' id='word_1_214' title='bbox 138 2658 252 2715; x_wconf 85' lang='lat' dir='ltr'><strong>circum</strong></span> <span class='ocrx_word' id='word_1_215' title='bbox 262 2655 361 2714; x_wconf 84' lang='lat' dir='ltr'><strong>omnic</strong></span> <span class='ocrx_word' id='word_1_216' title='bbox 371 2654 485 2714; x_wconf 74' lang='lat' dir='ltr'><strong>muria:</strong></span> <span class='ocrx_word' id='word_1_217' title='bbox 496 2654 616 2735; x_wconf 70' lang='lat' dir='ltr'><strong>pergit,</strong></span> <span class='ocrx_word' id='word_1_218' title='bbox 631 2651 704 2716; x_wconf 69' lang='lat' dir='ltr'><strong>odiis</strong></span> <span class='ocrx_word' id='word_1_219' title='bbox 713 2655 736 2715; x_wconf 83' lang='lat' dir='ltr'><strong><em>J</em></strong></span> <span class='ocrx_word' id='word_1_220' title='bbox 736 2654 859 2725; x_wconf 67' lang='grc' dir='ltr'><strong>υηοηὶςς</strong></span> <span class='ocrx_word' id='word_1_221' title='bbox 873 2666 982 2733; x_wconf 89' lang='lat' dir='ltr'><strong>aptum</strong></span> <span class='ocrx_word' id='word_1_222' title='bbox 991 2651 1053 2710; x_wconf 88' lang='lat' dir='ltr'><strong>hoc</strong></span> <span class='ocrx_word' id='word_1_223' title='bbox 1062 2649 1102 2710; x_wconf 84' lang='lat' dir='ltr'><strong>ad</strong></span> 
     </span>
    </p>
   </div>
   <div class='ocr_carea' id='block_1_3' title="bbox 55 2813 1116 4099">
    <p class='ocr_par' dir='ltr' id='par_1_6' title="bbox 58 2813 1116 3057">
     <span class='ocr_line' id='line_1_28' title="bbox 90 2813 1116 2900; baseline -0.015 -16"><span class='ocrx_word' id='word_1_224' title='bbox 90 2829 152 2884; x_wconf 78' lang='lat'><strong>66².</strong></span> <span class='ocrx_word' id='word_1_225' title='bbox 164 2829 258 2880; x_wconf 82' lang='lat' dir='ltr'><strong>Atrox.</strong></span> <span class='ocrx_word' id='word_1_226' title='bbox 270 2827 359 2880; x_wconf 87' lang='lat' dir='ltr'><strong>Primo</strong></span> <span class='ocrx_word' id='word_1_227' title='bbox 376 2841 505 2900; x_wconf 85' lang='lat' dir='ltr'><strong>quantum</strong></span> <span class='ocrx_word' id='word_1_228' title='bbox 522 2825 558 2880; x_wconf 87' lang='lat' dir='ltr'><strong>ad</strong></span> <span class='ocrx_word' id='word_1_229' title='bbox 601 2813 702 2880; x_wconf 77' lang='lat' dir='ltr'><strong>Contra</strong></span> <span class='ocrx_word' id='word_1_230' title='bbox 722 2843 817 2898; x_wconf 89' lang='lat' dir='ltr'><strong>quem,</strong></span> <span class='ocrx_word' id='word_1_231' title='bbox 835 2821 899 2875; x_wconf 82' lang='lat' dir='ltr'><strong>odiis</strong></span> <span class='ocrx_word' id='word_1_232' title='bbox 915 2817 980 2875; x_wconf 70' lang='lat' dir='ltr'><strong>dun.</strong></span> <span class='ocrx_word' id='word_1_233' title='bbox 998 2815 1116 2891; x_wconf 60' lang='lat' dir='ltr'><strong>inique„</strong></span> 
     </span>
     <span class='ocr_line' id='line_1_29' title="bbox 58 2901 1103 2978; baseline -0.008 -22"><span class='ocrx_word' id='word_1_234' title='bbox 58 2907 187 2960; x_wconf 79' lang='lat' dir='ltr'><strong>Venerem</strong></span> <span class='ocrx_word' id='word_1_235' title='bbox 194 2907 325 2978; x_wconf 75' lang='lat' dir='ltr'><strong>pertinet,</strong></span> <span class='ocrx_word' id='word_1_236' title='bbox 338 2921 420 2959; x_wconf 81' lang='lat' dir='ltr'><strong>saero:</strong></span> <span class='ocrx_word' id='word_1_237' title='bbox 432 2909 558 2978; x_wconf 84' lang='lat' dir='ltr'><strong>nunquia</strong></span> <span class='ocrx_word' id='word_1_238' title='bbox 602 2903 669 2958; x_wconf 81' lang='lat' dir='ltr'><strong>Naro</strong></span> <span class='ocrx_word' id='word_1_239' title='bbox 684 2903 757 2976; x_wconf 88' lang='lat' dir='ltr'><strong>quod</strong></span> <span class='ocrx_word' id='word_1_240' title='bbox 772 2901 836 2954; x_wconf 85' lang='lat' dir='ltr'><strong>dicit</strong></span> <span class='ocrx_word' id='word_1_241' title='bbox 852 2903 943 2953; x_wconf 83' lang='lat' dir='ltr'><strong>Frater</strong></span> <span class='ocrx_word' id='word_1_242' title='bbox 956 2909 1032 2965; x_wconf 82' lang='lat' dir='ltr'><strong>tuus&#39;,</strong></span> <span class='ocrx_word' id='word_1_243' title='bbox 1048 2912 1103 2949; x_wconf 89' lang='lat' dir='ltr'><strong>non</strong></span> 
     </span>
     <span class='ocr_line' id='line_1_30' title="bbox 61 2977 1104 3057; baseline -0.01 -20"><span class='ocrx_word' id='word_1_244' title='bbox 61 2988 94 3040; x_wconf 83' lang='lat' dir='ltr'><strong>ita</strong></span> <span class='ocrx_word' id='word_1_245' title='bbox 106 2987 140 3042; x_wconf 90' lang='lat' dir='ltr'><strong>de</strong></span> <span class='ocrx_word' id='word_1_246' title='bbox 153 3007 187 3042; x_wconf 83' lang='lat' dir='ltr'><strong>eu</strong></span> <span class='ocrx_word' id='word_1_247' title='bbox 198 2987 282 3040; x_wconf 76' lang='lat' dir='ltr'><strong>Poeta</strong></span> <span class='ocrx_word' id='word_1_248' title='bbox 293 2983 403 3057; x_wconf 82' lang='lat' dir='ltr'><strong>judicet.</strong></span> <span class='ocrx_word' id='word_1_249' title='bbox 413 2981 482 3040; x_wconf 72' lang='lat' dir='ltr'><strong>Seru.</strong></span> <span class='ocrx_word' id='word_1_250' title='bbox 603 2977 672 3037; x_wconf 69' lang='lat' dir='ltr'><strong>illue</strong></span> <span class='ocrx_word' id='word_1_251' title='bbox 686 2995 776 3049; x_wconf 74' lang='lat' dir='ltr'><strong>meus,</strong></span> <span class='ocrx_word' id='word_1_252' title='bbox 790 2979 907 3034; x_wconf 76' lang='lat' dir='ltr'><strong>ostendit</strong></span> <span class='ocrx_word' id='word_1_253' title='bbox 919 2983 943 3031; x_wconf 86' lang='lat' dir='ltr'><strong>ei</strong></span> <span class='ocrx_word' id='word_1_254' title='bbox 954 2979 1031 3030; x_wconf 84' lang='lat' dir='ltr'><strong>etiem</strong></span> <span class='ocrx_word' id='word_1_255' title='bbox 1043 2995 1104 3048; x_wconf 90' lang='lat' dir='ltr'><strong>pro·</strong></span> 
     </span>
    </p>

    <p class='ocr_par' dir='ltr' id='par_1_7' title="bbox 55 3051 1103 3460">
     <span class='ocr_line' id='line_1_31' title="bbox 91 3051 1102 3141; baseline -0.014 -19"><span class='ocrx_word' id='word_1_256' title='bbox 91 3065 152 3122; x_wconf 78' lang='lat'><strong>663.</strong></span> <span class='ocrx_word' id='word_1_257' title='bbox 162 3067 235 3141; x_wconf 70' lang='lat' dir='ltr'><strong>Etyo</strong></span> <span class='ocrx_word' id='word_1_258' title='bbox 246 3063 285 3120; x_wconf 76' lang='lat' dir='ltr'><strong>ln&#39;t</strong></span> <span class='ocrx_word' id='word_1_259' title='bbox 295 3065 421 3140; x_wconf 72' lang='lat' dir='ltr'><strong>aliperam</strong></span> <span class='ocrx_word' id='word_1_260' title='bbox 431 3065 507 3119; x_wconf 76' lang='lat' dir='ltr'><strong>dtctts</strong></span> <span class='ocrx_word' id='word_1_261' title='bbox 516 3063 559 3138; x_wconf 62' lang='lat' dir='ltr'><strong>uso</strong></span> <span class='ocrx_word' id='word_1_262' title='bbox 603 3068 739 3131; x_wconf 79' lang='lat' dir='ltr'><strong>futurum,</strong></span> <span class='ocrx_word' id='word_1_263' title='bbox 751 3065 797 3135; x_wconf 82' lang='lat' dir='ltr'><strong>qni</strong></span> <span class='ocrx_word' id='word_1_264' title='bbox 811 3071 928 3134; x_wconf 77' lang='lat' dir='ltr'><strong>rogatur.</strong></span> <span class='ocrx_word' id='word_1_265' title='bbox 942 3051 1011 3110; x_wconf 73' lang='lat' dir='ltr'><strong>Nam</strong></span> <span class='ocrx_word' id='word_1_266' title='bbox 1027 3071 1058 3109; x_wconf 76' lang='lat' dir='ltr'><strong>er</strong></span> <span class='ocrx_word' id='word_1_267' title='bbox 1071 3072 1102 3109; x_wconf 82' lang='lat' dir='ltr'><strong>eo</strong></span> 
     </span>
     <span class='ocr_line' id='line_1_32' title="bbox 55 3128 1103 3221; baseline -0.015 -20"><span class='ocrx_word' id='word_1_268' title='bbox 55 3149 273 3220; x_wconf 69' lang='lat' dir='ltr'><strong>fatur-Amorem.</strong></span> <span class='ocrx_word' id='word_1_269' title='bbox 284 3147 434 3221; x_wconf 70' lang='lat' dir='ltr'><strong>Aliquem,</strong></span> <span class='ocrx_word' id='word_1_270' title='bbox 449 3155 561 3218; x_wconf 64' lang='lat' dir='ltr'><strong>rrouqtou</strong></span> <span class='ocrx_word' id='word_1_271' title='bbox 603 3159 700 3219; x_wconf 80' lang='lat' dir='ltr'><strong>genere</strong></span> <span class='ocrx_word' id='word_1_272' title='bbox 710 3153 749 3198; x_wconf 77' lang='lat' dir='ltr'><strong>ert</strong></span> <span class='ocrx_word' id='word_1_273' title='bbox 760 3135 842 3208; x_wconf 77' lang='lat' dir='ltr'><strong>illud,</strong></span> <span class='ocrx_word' id='word_1_274' title='bbox 855 3137 891 3192; x_wconf 74' lang='lat' dir='ltr'><strong>lit</strong></span> <span class='ocrx_word' id='word_1_275' title='bbox 902 3145 987 3190; x_wconf 66' lang='lat' dir='ltr'><strong>noetio</strong></span> <span class='ocrx_word' id='word_1_276' title='bbox 996 3128 1103 3187; x_wconf 74' lang='lat' dir='ltr'><strong>doluisti</strong></span> 
     </span>
     <span class='ocr_line' id='line_1_33' title="bbox 61 3217 1103 3301; baseline -0.013 -22"><span class='ocrx_word' id='word_1_277' title='bbox 61 3231 138 3282; x_wconf 86' lang='lat' dir='ltr'><strong>situm</strong></span> <span class='ocrx_word' id='word_1_278' title='bbox 151 3249 167 3282; x_wconf 86' lang='lat' dir='ltr'><strong>a</strong></span> <span class='ocrx_word' id='word_1_279' title='bbox 175 3241 258 3301; x_wconf 88' lang='lat' dir='ltr'><strong>poete</strong></span> <span class='ocrx_word' id='word_1_280' title='bbox 271 3243 385 3280; x_wconf 71' lang='lat' dir='ltr'><strong>nomena</strong></span> <span class='ocrx_word' id='word_1_281' title='bbox 399 3241 463 3280; x_wconf 78' lang='lat' dir='ltr'><strong>reue</strong></span> <span class='ocrx_word' id='word_1_282' title='bbox 472 3229 560 3279; x_wconf 72' lang='lat' dir='ltr'><strong>lautlttl</strong></span> <span class='ocrx_word' id='word_1_283' title='bbox 603 3221 770 3300; x_wconf 69' lang='lat' dir='ltr'><strong>repedatum.</strong></span> <span class='ocrx_word' id='word_1_284' title='bbox 780 3224 914 3290; x_wconf 73' lang='lat' dir='ltr'><strong>Quaeritur</strong></span> <span class='ocrx_word' id='word_1_285' title='bbox 924 3233 1014 3282; x_wconf 72' lang='lat' dir='ltr'><strong>enee,</strong></span> <span class='ocrx_word' id='word_1_286' title='bbox 1025 3217 1103 3267; x_wconf 79' lang='lat' dir='ltr'><strong>Hrtnc</strong></span> 
     </span>
     <span class='ocr_line' id='line_1_34' title="bbox 58 3295 1102 3381; baseline -0.012 -19"><span class='ocrx_word' id='word_1_287' title='bbox 58 3307 137 3362; x_wconf 84' lang='lat' dir='ltr'><strong>deum</strong></span> <span class='ocrx_word' id='word_1_288' title='bbox 156 3312 247 3381; x_wconf 78' lang='lat' dir='ltr'><strong>ipsum</strong></span> <span class='ocrx_word' id='word_1_289' title='bbox 267 3307 422 3379; x_wconf 65' lang='lat' dir='ltr'><strong>euplum</strong></span> <span class='ocrx_word' id='word_1_290' title='bbox 443 3315 559 3370; x_wconf 64' lang='lat' dir='ltr'><strong>vocantt</strong></span> <span class='ocrx_word' id='word_1_291' title='bbox 604 3307 736 3360; x_wconf 72' lang='lat' dir='ltr'><strong>Phoenissa</strong></span> <span class='ocrx_word' id='word_1_292' title='bbox 746 3295 1000 3358; x_wconf 57' lang='lat' dir='ltr'><strong>&amp;milido-&#39;Timor</strong></span> <span class='ocrx_word' id='word_1_293' title='bbox 1010 3297 1102 3366; x_wconf 78' lang='lat' dir='ltr'><strong>iptius,</strong></span> 
     </span>
     <span class='ocr_line' id='line_1_35' title="bbox 60 3372 1102 3460; baseline -0.014 -20"><span class='ocrx_word' id='word_1_294' title='bbox 60 3407 90 3440; x_wconf 91' lang='lat' dir='ltr'><strong>eo</strong></span> <span class='ocrx_word' id='word_1_295' title='bbox 102 3388 177 3460; x_wconf 88' lang='lat' dir='ltr'><strong>quod</strong></span> <span class='ocrx_word' id='word_1_296' title='bbox 191 3389 258 3442; x_wconf 85' lang='lat' dir='ltr'><strong>facit</strong></span> <span class='ocrx_word' id='word_1_297' title='bbox 268 3403 393 3440; x_wconf 82' lang='lat' dir='ltr'><strong>umorem.</strong></span> <span class='ocrx_word' id='word_1_298' title='bbox 406 3387 476 3440; x_wconf 79' lang='lat' dir='ltr'><strong>Seru.</strong></span> <span class='ocrx_word' id='word_1_299' title='bbox 603 3389 640 3440; x_wconf 80' lang='lat' dir='ltr'><strong>Et</strong></span> <span class='ocrx_word' id='word_1_300' title='bbox 648 3399 793 3457; x_wconf 74' lang='lat' dir='ltr'><strong>vereorque</strong></span> <span class='ocrx_word' id='word_1_301' title='bbox 803 3381 895 3436; x_wconf 73' lang='lat' dir='ltr'><strong>sedan.</strong></span> <span class='ocrx_word' id='word_1_302' title='bbox 903 3378 998 3428; x_wconf 47' lang='lat' dir='ltr'><strong>utilem</strong></span> <span class='ocrx_word' id='word_1_303' title='bbox 1007 3372 1102 3445; x_wconf 81' lang='lat' dir='ltr'><strong>ipsam,</strong></span> 
     </span>
    </p>

    <p class='ocr_par' dir='ltr' id='par_1_8' title="bbox 60 3454 1104 4099">
     <span class='ocr_line' id='line_1_36' title="bbox 92 3454 1103 3536; baseline -0.018 -14"><span class='ocrx_word' id='word_1_304' title='bbox 92 3469 245 3536; x_wconf 62' lang='lat' dir='ltr'><strong>664Natc,</strong></span> <span class='ocrx_word' id='word_1_305' title='bbox 256 3469 401 3521; x_wconf 77' lang='lat' dir='ltr'><strong>meavires.</strong></span> <span class='ocrx_word' id='word_1_306' title='bbox 414 3467 503 3520; x_wconf 72' lang='lat' dir='ltr'><strong>Venus</strong></span> <span class='ocrx_word' id='word_1_307' title='bbox 515 3465 560 3518; x_wconf 87' lang='lat' dir='ltr'><strong>hic</strong></span> <span class='ocrx_word' id='word_1_308' title='bbox 606 3466 729 3535; x_wconf 67' lang='lat' dir='ltr'><strong>Quocirca</strong></span> <span class='ocrx_word' id='word_1_309' title='bbox 752 3481 809 3532; x_wconf 56' lang='lat' dir='ltr'><strong>cap»</strong></span> <span class='ocrx_word' id='word_1_310' title='bbox 826 3480 851 3510; x_wconf 89' lang='lat' dir='ltr'><strong>a.</strong></span> <span class='ocrx_word' id='word_1_311' title='bbox 873 3457 898 3508; x_wconf 85' lang='lat' dir='ltr'><strong>d.</strong></span> <span class='ocrx_word' id='word_1_312' title='bbox 914 3454 1027 3520; x_wconf 73' lang='lat' dir='ltr'><strong>Modus,</strong></span> <span class='ocrx_word' id='word_1_313' title='bbox 1046 3457 1103 3526; x_wconf 76' lang='lat' dir='ltr'><strong>Qua</strong></span> 
     </span>
     <span class='ocr_line' id='line_1_37' title="bbox 60 3535 1104 3620; baseline -0.006 -22"><span class='ocrx_word' id='word_1_314' title='bbox 60 3550 141 3600; x_wconf 87' lang='lat' dir='ltr'><strong>utitur</strong></span> <span class='ocrx_word' id='word_1_315' title='bbox 161 3551 315 3620; x_wconf 89' lang='lat' dir='ltr'><strong>principio,</strong></span> <span class='ocrx_word' id='word_1_316' title='bbox 337 3549 401 3620; x_wconf 85' lang='lat' dir='ltr'><strong>quia</strong></span> <span class='ocrx_word' id='word_1_317' title='bbox 420 3547 477 3600; x_wconf 87' lang='lat' dir='ltr'><strong>Dea</strong></span> <span class='ocrx_word' id='word_1_318' title='bbox 499 3563 559 3597; x_wconf 89' lang='lat' dir='ltr'><strong>cum</strong></span> <span class='ocrx_word' id='word_1_319' title='bbox 599 3547 689 3619; x_wconf 72' lang='lat' dir='ltr'><strong>facere</strong></span> <span class='ocrx_word' id='word_1_320' title='bbox 700 3543 727 3594; x_wconf 83' lang='lat' dir='ltr'><strong>id</strong></span> <span class='ocrx_word' id='word_1_321' title='bbox 733 3541 819 3614; x_wconf 66' lang='lat' dir='ltr'><strong>possib.</strong></span> <span class='ocrx_word' id='word_1_322' title='bbox 833 3535 1104 3606; x_wconf 83' lang='lat' dir='ltr'><strong>Quamdiu,Noctem</strong></span> 
     </span>
     <span class='ocr_line' id='line_1_38' title="bbox 60 3612 1103 3700; baseline -0.009 -21"><span class='ocrx_word' id='word_1_323' title='bbox 60 3625 113 3680; x_wconf 85' lang='lat' dir='ltr'><strong>Deo</strong></span> <span class='ocrx_word' id='word_1_324' title='bbox 132 3628 274 3700; x_wconf 88' lang='lat' dir='ltr'><strong>loquitur,</strong></span> <span class='ocrx_word' id='word_1_325' title='bbox 292 3626 326 3680; x_wconf 89' lang='lat' dir='ltr'><strong>ad</strong></span> <span class='ocrx_word' id='word_1_326' title='bbox 346 3625 560 3680; x_wconf 79' lang='lat' dir='ltr'><strong>benevolentiam</strong></span> <span class='ocrx_word' id='word_1_327' title='bbox 605 3621 747 3695; x_wconf 81' lang='lat' dir='ltr'><strong>nonumpl.</strong></span> <span class='ocrx_word' id='word_1_328' title='bbox 756 3643 781 3673; x_wconf 75' lang='lat' dir='ltr'><strong>a.</strong></span> <span class='ocrx_word' id='word_1_329' title='bbox 795 3617 835 3672; x_wconf 79' lang='lat' dir='ltr'><strong>An</strong></span> <span class='ocrx_word' id='word_1_330' title='bbox 844 3612 952 3669; x_wconf 83' lang='lat' dir='ltr'><strong>difficile</strong></span> <span class='ocrx_word' id='word_1_331' title='bbox 964 3619 1012 3682; x_wconf 84' lang='lat' dir='ltr'><strong>rit,</strong></span> <span class='ocrx_word' id='word_1_332' title='bbox 1024 3629 1050 3668; x_wconf 83' lang='lat' dir='ltr'><strong>et</strong></span> <span class='ocrx_word' id='word_1_333' title='bbox 1060 3638 1103 3670; x_wconf 89' lang='lat' dir='ltr'><strong>no·</strong></span> 
     </span>
     <span class='ocr_line' id='line_1_39' title="bbox 61 3695 1102 3780; baseline -0.012 -20"><span class='ocrx_word' id='word_1_334' title='bbox 61 3709 278 3780; x_wconf 80' lang='lat' dir='ltr'><strong>comparandum.</strong></span> <span class='ocrx_word' id='word_1_335' title='bbox 287 3706 368 3774; x_wconf 86' lang='lat' dir='ltr'><strong>Nate,</strong></span> <span class='ocrx_word' id='word_1_336' title='bbox 380 3707 413 3759; x_wconf 93' lang='lat' dir='ltr'><strong>ab</strong></span> <span class='ocrx_word' id='word_1_337' title='bbox 422 3703 561 3778; x_wconf 78' lang='lat' dir='ltr'><strong>indulgen·</strong></span> <span class='ocrx_word' id='word_1_338' title='bbox 606 3716 644 3756; x_wconf 82' lang='lat' dir='ltr'><strong>tos</strong></span> <span class='ocrx_word' id='word_1_339' title='bbox 649 3703 723 3775; x_wconf 83' lang='lat' dir='ltr'><strong>pueri</strong></span> <span class='ocrx_word' id='word_1_340' title='bbox 728 3720 756 3773; x_wconf 85' lang='lat' dir='ltr'><strong>p.</strong></span> <span class='ocrx_word' id='word_1_341' title='bbox 768 3701 784 3750; x_wconf 83' lang='lat' dir='ltr'><strong>i.</strong></span> <span class='ocrx_word' id='word_1_342' title='bbox 796 3719 817 3750; x_wconf 91' lang='lat' dir='ltr'><strong>v.</strong></span> <span class='ocrx_word' id='word_1_343' title='bbox 827 3695 1102 3769; x_wconf 74' lang='lat' dir='ltr'><strong>Quomorlo,ntqunm</strong></span> 
     </span>
     <span class='ocr_line' id='line_1_40' title="bbox 62 3772 1102 3855; baseline -0.012 -19"><span class='ocrx_word' id='word_1_344' title='bbox 62 3789 367 3842; x_wconf 79' lang='lat' dir='ltr'><strong>tissimonominecausa</strong></span> <span class='ocrx_word' id='word_1_345' title='bbox 377 3787 489 3850; x_wconf 83' lang='lat' dir='ltr'><strong>amoris,</strong></span> <span class='ocrx_word' id='word_1_346' title='bbox 500 3787 561 3836; x_wconf 78' lang='lat' dir='ltr'><strong>Mea</strong></span> <span class='ocrx_word' id='word_1_347' title='bbox 607 3795 633 3835; x_wconf 80' lang='lat' dir='ltr'><strong>te</strong></span> <span class='ocrx_word' id='word_1_348' title='bbox 645 3779 742 3855; x_wconf 68' lang='lat' dir='ltr'><strong>premio</strong></span> <span class='ocrx_word' id='word_1_349' title='bbox 759 3797 783 3829; x_wconf 83' lang='lat' dir='ltr'><strong>a.</strong></span> <span class='ocrx_word' id='word_1_350' title='bbox 800 3775 817 3829; x_wconf 84' lang='lat' dir='ltr'><strong>l.</strong></span> <span class='ocrx_word' id='word_1_351' title='bbox 834 3775 866 3828; x_wconf 80' lang='lat' dir='ltr'><strong>D.</strong></span> <span class='ocrx_word' id='word_1_352' title='bbox 880 3772 972 3828; x_wconf 81' lang='lat' dir='ltr'><strong>Subito</strong></span> <span class='ocrx_word' id='word_1_353' title='bbox 986 3773 1102 3843; x_wconf 83' lang='lat' dir='ltr'><strong>amabit,</strong></span> 
     </span>
     <span class='ocr_line' id='line_1_41' title="bbox 60 3851 1103 3941; baseline -0.015 -21"><span class='ocrx_word' id='word_1_354' title='bbox 60 3885 155 3941; x_wconf 78' lang='lat' dir='ltr'><strong>mopna</strong></span> <span class='ocrx_word' id='word_1_355' title='bbox 166 3870 293 3941; x_wconf 80' lang='lat' dir='ltr'><strong>potentio.</strong></span> <span class='ocrx_word' id='word_1_356' title='bbox 306 3867 378 3937; x_wconf 87' lang='lat' dir='ltr'><strong>Quid</strong></span> <span class='ocrx_word' id='word_1_357' title='bbox 390 3868 476 3939; x_wconf 76' lang='lat' dir='ltr'><strong>poerit</strong></span> <span class='ocrx_word' id='word_1_358' title='bbox 489 3867 562 3917; x_wconf 78' lang='lat' dir='ltr'><strong>lace·</strong></span> <span class='ocrx_word' id='word_1_359' title='bbox 609 3861 745 3916; x_wconf 78' lang='lat' dir='ltr'><strong>Occultum</strong></span> <span class='ocrx_word' id='word_1_360' title='bbox 760 3859 864 3930; x_wconf 65' lang='lat' dir='ltr'><strong>inspires</strong></span> <span class='ocrx_word' id='word_1_361' title='bbox 875 3858 909 3929; x_wconf 70' lang='lat' dir='ltr'><strong>q.</strong></span> <span class='ocrx_word' id='word_1_362' title='bbox 917 3855 944 3928; x_wconf 77' lang='lat' dir='ltr'><strong><em>f</em></strong></span> <span class='ocrx_word' id='word_1_363' title='bbox 957 3871 983 3927; x_wconf 83' lang='lat' dir='ltr'><strong>q.</strong></span> <span class='ocrx_word' id='word_1_364' title='bbox 995 3870 1018 3906; x_wconf 85' lang='lat' dir='ltr'><strong>o.</strong></span> <span class='ocrx_word' id='word_1_365' title='bbox 1029 3851 1103 3905; x_wconf 89' lang='lat' dir='ltr'><strong>Nihil</strong></span> 
     </span>
     <span class='ocr_line' id='line_1_42' title="bbox 61 3937 1104 4021; baseline -0.019 -19"><span class='ocrx_word' id='word_1_366' title='bbox 61 3961 103 4012; x_wconf 77' lang='lat' dir='ltr'><strong>re,</strong></span> <span class='ocrx_word' id='word_1_367' title='bbox 121 3950 175 4019; x_wconf 80' lang='lat' dir='ltr'><strong>Qui</strong></span> <span class='ocrx_word' id='word_1_368' title='bbox 190 3948 244 4000; x_wconf 79' lang='lat' dir='ltr'><strong>tela</strong></span> <span class='ocrx_word' id='word_1_369' title='bbox 260 3945 380 4021; x_wconf 70' lang='lat' dir='ltr'><strong>Typhoia</strong></span> <span class='ocrx_word' id='word_1_370' title='bbox 396 3946 495 3998; x_wconf 73' lang='lat' dir='ltr'><strong>teman.</strong></span> <span class='ocrx_word' id='word_1_371' title='bbox 511 3945 562 3994; x_wconf 83' lang='lat' dir='ltr'><strong>Pro</strong></span> <span class='ocrx_word' id='word_1_372' title='bbox 606 3941 744 4016; x_wconf 81' lang='lat' dir='ltr'><strong>promisit,</strong></span> <span class='ocrx_word' id='word_1_373' title='bbox 768 3937 833 4010; x_wconf 89' lang='lat' dir='ltr'><strong>quid</strong></span> <span class='ocrx_word' id='word_1_374' title='bbox 848 3939 920 3990; x_wconf 89' lang='lat' dir='ltr'><strong>euim</strong></span> <span class='ocrx_word' id='word_1_375' title='bbox 938 3937 1104 4006; x_wconf 80' lang='lat' dir='ltr'><strong>promitteret</strong></span> 
     </span>
     <span class='ocr_line' id='line_1_43' title="bbox 64 4021 938 4099; baseline -0.011 -20"><span class='ocrx_word' id='word_1_376' title='bbox 64 4043 131 4094; x_wconf 86' lang='lat' dir='ltr'><strong>quo,</strong></span> <span class='ocrx_word' id='word_1_377' title='bbox 150 4031 239 4081; x_wconf 81' lang='lat' dir='ltr'><strong>Fmter</strong></span> <span class='ocrx_word' id='word_1_378' title='bbox 256 4041 286 4080; x_wconf 84' lang='lat' dir='ltr'><strong>ut</strong></span> <span class='ocrx_word' id='word_1_379' title='bbox 303 4031 366 4082; x_wconf 80' lang='lat' dir='ltr'><strong>AEn.</strong></span> <span class='ocrx_word' id='word_1_380' title='bbox 386 4025 479 4099; x_wconf 74' lang='lat' dir='ltr'><strong>pelope</strong></span> <span class='ocrx_word' id='word_1_381' title='bbox 495 4037 561 4080; x_wconf 73' lang='lat' dir='ltr'><strong>tuus.</strong></span> <span class='ocrx_word' id='word_1_382' title='bbox 607 4021 763 4076; x_wconf 80' lang='lat' dir='ltr'><strong>DeolServ.</strong></span> <span class='ocrx_word' id='word_1_383' title='bbox 935 4045 938 4054; x_wconf 86' lang='lat'><em>·</em></span> 
     </span>
    </p>
   </div>
   <div class='ocr_carea' id='block_1_4' title="bbox 0 0 1363 4586">
    <p class='ocr_par' dir='ltr' id='par_1_9' title="bbox 0 0 1363 4586">
     <span class='ocr_line' id='line_1_44' title="bbox 0 0 1363 4586; baseline 0 0"><span class='ocrx_word' id='word_1_384' title='bbox 0 0 1363 4586; x_wconf 95' lang='lat' dir='ltr'><strong> </strong></span> 
     </span>
    </p>
   </div>
  </div>
 </body>
</html>
