2692 4594
245 321 308 398 204
570 322 952 390 COMMENTARIA

242 441 323 499 toria
335 463 341 498 :
357 444 460 506 statim
473 463 538 502 rem
550 465 667 505 sacram
678 467 714 506 ex
724 452 888 532 praeceptis
901 446 1029 528 Heleni,
1044 467 1076 514 et
1088 457 1150 515 rite
1162 455 1295 532 facturi,

242 525 347 588 velant
367 533 469 612 capita
488 535 596 594 amictu
617 532 761 616 Phrygio,
783 539 838 618 qui
858 541 989 600 amictus
1009 562 1192 623 purpureus
1212 559 1294 616 erat;

241 635 317 676 nam
329 639 421 700 supra
427 623 596 706 ,Purpureo
609 622 703 684 velare
714 646 813 685 eomas
823 626 974 709 adopertus
985 633 1106 691 amictu.
1119 633 1212 692 Sacra
1224 632 1293 692 haec

241 701 324 764 fiunt
338 709 369 764 in
383 704 535 770 honorem
549 713 701 788 lunonis,
719 727 754 773 ut
772 714 855 774 idem
868 715 1013 788 ,Helenus
1030 739 1096 778 non
1112 722 1210 782 semel
1224 741 1294 780 mo-

242 803 366 868 nuerat,
387 796 451 856 imo
470 813 660 882 praeceptum
678 799 738 862 hoc
756 801 859 864 fuerat
878 807 1021 866 omnium
1045 811 1243 868 maximum:
1265 821 1294 868 et

240 881 369 962 Argivae,
383 897 417 944 ut
429 901 553 968 putaret
564 911 613 966 ea,
626 911 659 950 se
670 889 710 950 ab
719 893 864 972 Trojanis
874 894 934 954 coli
945 897 1040 956 etiam
1050 899 1177 978 Argivis
1190 897 1294 958 faven-

239 978 317 1040 tem;
334 985 364 1030 et
376 973 449 1033 inde
462 976 522 1036 iras
536 993 684 1059 poneret,
697 978 825 1040 illorum
836 983 951 1064 pietate
963 998 1137 1066 prospecta.

279 1055 345 1132 548.
359 1061 505 1126 Perleetis
518 1069 665 1130 omnihus
679 1091 716 1130 ex
728 1070 841 1143 ordine,
861 1072 892 1130 id
907 1086 967 1149 est,
989 1076 1062 1149 rite,
1081 1074 1159 1134 'inde
1173 1072 1295 1134 abeunt

239 1165 274 1206 ex
285 1167 439 1234 precepto
450 1155 588 1236 ejusdem
599 1159 726 1236 Heleni,
736 1163 790 1242 qui
801 1160 936 1238 dixerat,
947 1165 1074 1246 Effiiqe3
1086 1178 1197 1224 cuneta
1208 1161 1295 1222 malis

239 1231 407 1300 habitantur
417 1248 524 1305 moerziu
534 1248 640 1306 Graiis.
661 1249 706 1307 lta
719 1268 792 1309 vero
805 1247 856 1309 hic
871 1251 1080 1310 obvertuntur
1092 1265 1240 1311 antennae
1252 1247 1293 1308 ad

236 1321 375 1386 futuram
388 1332 637 1413 navigationem,
649 1339 730 1396 utin
741 1337 861 1396 AEneid.
875 1339 930 1413 Vl,
944 1337 1096 1399 obvertunt
1104 1337 1215 1420 pelago
1225 1357 1292 1418 pro-

237 1430 292 1470 ras.
314 1414 369 1474 Est
386 1430 529 1480 antenna'
541 1423 665 1504 lignum
683 1438 895 1486 transversum
913 1429 947 1486 in
964 1425 1058 1500 molo,
1079 1425 1170 1507 quod
1187 1425 1292 1486 velum

237 1500 383 1576 sustinet;
400 1507 473 1568 inde
481 1529 517 1568 eo
526 1513 613 1590 quasi
622 1513 774 1573 obvoluta
783 1527 842 1590 est;
856 1535 953 1597 quare
961 1513 1013 1574 hie
1023 1513 1127 1575 velutoe
1136 1527 1290 1574 antenna:
1334 1557 1335 1566 2

237 1585 454 1654 difficultatem
466 1601 510 1658 rei
523 1601 667 1680 gerendae
678 1605 747 1684 ipso
757 1625 850 1664 versu
859 1606 1025 1685 expressit,
1037 1606 1103 1665 imo
1115 1604 1289 1686 superavit:

237 1670 398 1740 difficilius
410 1685 495 1744 enim
510 1708 605 1767 quam
618 1704 762 1752 antennae
774 1707 957 1769 moventur,
970 1695 1071 1754 currit
1084 1691 1138 1754 hic
1149 1712 1272 1765 versus,
1334 1731 1335 1762 ,

356 1803 475 1866 Cornua
486 1807 646 1872 velatarum
660 1812 833 1877 obvertimus
844 1830 1052 1878 antennarum.

243 2001 244 2005 Ἰ
276 1921 343 1983 551.
357 1927 481 2008 Narrat,
496 1957 565 2018 quae
581 1937 720 2000 viderint
734 1939 861 2022 Trojani
874 1943 908 2001 in
919 1939 1047 2022 trajectu
1061 1937 1137 1998 illo:
1154 1949 1291 1998 cernunt

236 2007 341 2070 sinum
361 2017 579 2101 Tarentinum,
598 2027 754 2110 templum
771 2031 905 2090 lunonis
924 2031 1073 2102 Laciniae,
1093 2027 1288 2087 Caulonem:

235 2093 303 2177 lege
313 2098 351 2159 de
361 2101 423 2178 hoc
433 2107 581 2190 Plinium,
592 2115 786 2193 Strabonem,
794 2119 911 2178 Melam
923 2141 931 2176 ε
942 2129 1073 2179 cernunt
1083 2113 1288 2196 Scylaceum,

235 2187 320 2264 qnod
340 2193 371 2252 in
390 2208 444 2258 ora
463 2202 632 2282 Calabriae,
648 2207 915 2290 conjunctumque
930 2228 1001 2268 cum
1015 2205 1168 2266 Caulone.
1182 2206 1242 2263 Hic
1256 2219 1288 2261 tu

233 2273 364 2356 adnota,
378 2284 458 2346 nihil
471 2290 614 2353 relietum
628 2293 747 2378 absque
760 2310 888 2371 ornatu,
902 2317 966 2378 quo
982 2295 1150 2354 nominum
1166 2291 1287 2351 duritas
1334 2321 1335 2372 3

233 2373 436 2446 temperetur:
448 2378 585 2462 vulgaris
593 2399 684 2467 poeta
693 2385 774 2444 nihil
783 2385 843 2446 hoc
851 2407 965 2446 curans
975 2383 1186 2465 conjungeret
1196 2381 1287 2462 plura

233 2455 364 2516 nomina
374 2462 538 2526 confertim
550 2484 580 2530 et
593 2472 736 2554 insipide,
749 2472 867 2555 quibus
878 2494 965 2534 aures
975 2473 1169 2532 verberaret:
1183 2483 1287 2530 noster

233 2541 278 2598 ita
293 2553 458 2629 convestit,
481 2568 515 2616 ut
533 2560 612 2636 mire
630 2575 767 2622 exornet.
784 2559 953 2636 Tarentut'n
967 2575 1061 2622 vocat
1076 2558 1284 2628 Herculeum3

233 2624 365 2710 dubius,
387 2658 427 2698 an
442 2642 485 2702 ita
498 2643 622 2724 debeat,
644 2662 675 2709 et
686 2649 837 2732 relinquit
851 2649 960 2711 famae:
977 2647 1131 2730 templum
1148 2645 1286 2705 lunonis

232 2736 373 2801 exornat,
392 2741 460 2792 tum
477 2736 563 2816 quod
581 2739 615 2797 in
627 2737 712 2799 edito
724 2739 812 2813 loco,
829 2753 896 2800 tum
911 2739 996 2822 quod
1011 2740 1107 2798 situm
1121 2758 1138 2796 e
1156 2735 1285 2814 regione

230 2807 374 2875 Tarenti:
397 2820 501 2884 noluit
520 2827 706 2908 simpliciter
723 2829 912 2904 Caulonem,
933 2827 986 2890 sed
1006 2847 1090 2886 arces
1111 2825 1284 2886 Caulonis:

232 2896 335 2960 noluit
353 2916 474 2969 tantum
493 2913 695 2994 Scylaceum,
720 2919 780 2974 nisi
798 2916 941 2992 adderet,
960 2915 1170 2995 navifragum.
1186 2948 1227 2957 -
1240 2913 1284 2970 De
1334 2963 1335 2966 ,

232 2983 386 3054 Herculeo
397 2999 532 3060 Tarento
544 3001 612 3082 lege
624 3007 799 3064 Excursum
813 3005 892 3080 XIV,
908 3018 985 3066 torn.
997 3005 1039 3080 ll,
1053 3025 1124 3094 pag.
1136 3001 1209 3082 469.

272 3075 338 3152 554.
351 3083 411 3141 Hic
425 3083 528 3162 loeus,
547 3101 578 3148 et
590 3109 659 3168 quae
671 3106 847 3174 sequuntur
859 3096 981 3169 omnia,
1004 3113 1020 3151 a
1034 3093 1175 3165 nemine,
1196 3088 1283 3171 quod

231 3165 343 3242 seiam,
364 3191 518 3252 perpensa
532 3189 621 3234 sunt:
640 3180 725 3240 soleo
738 3182 859 3256 dicere,
877 3181 961 3242 hune
976 3203 1040 3242 esse
1053 3202 1152 3242 unum
1167 3203 1184 3240 e
1200 3179 1284 3238 diffi-

232 3252 358 3316 cillimis
380 3259 457 3320 locis
478 3262 617 3342 Virgilii,
639 3267 693 3326 sed
711 3267 772 3329 hoc
790 3273 896 3352 potius
918 3273 1037 3332 incuria
1057 3273 1281 3350 interpretum,

232 3343 329 3420 quant
343 3368 376 3406 re
392 3350 468 3428 ipsa.
484 3350 631 3414 Advertat
645 3355 778 3440 diligens
790 3360 916 3441 Virgilii
928 3361 1041 3436 lector,
1059 3359 1159 3419 solere
1172 3357 1281 3431 illum,

232 3433 1280 3530 quumadnarrationemaliquamseaceingit,priusvelutisemina
1334 3501 1335 3504 ,

232 3509 368 3576 breviter
375 3519 492 3600 jacere,
510 3548 581 3590 mox
597 3552 751 3594 recurrere
769 3537 809 3595 ad
822 3539 1035 3596 narrationem
1049 3535 1112 3595 late
1124 3534 1279 3614 explican-

232 3597 315 3663 dam.
323 3602 359 3664 ld
368 3608 543 3678 observavit
553 3620 655 3681 Julius
665 3623 809 3704 Scaliger,
820 3623 854 3683 id
861 3645 919 3686 nos
930 3625 1114 3707 saepissime3
1125 3621 1158 3680 ld
1169 3640 1278 3681 ⁰m¹¹e⁵

231 3774 396 3846 immineret,
413 3795 440 3834 et
451 3803 559 3844 ovantes
571 3793 729 3864 dimitteret,
774 3810 801 3850 et
812 3810 853 3850 est
868 3817 960 3852 versus
971 3795 1139 3870 Spondazon.
1157 3796 1230 3847 Serv.
1244 3823 1277 3834 -

235 3870 301 3923 quos
316 3873 425 3914 ovantes
438 3884 586 3941 acceperat.
773 3877 813 3930 De
825 3877 1000 3948 dispositione
1018 3887 1107 3928 autem
1120 3873 1201 3943 huJ'us
1218 3893 1276 3926 ven

268 3930 327 4004 549·
348 3939 374 3991 V
371 3939 506 3999 elatarum.
524 3951 595 4018 Quia
608 3966 728 4006 antennae
773 3973 817 4008 sus
830 3958 985 4010 consulatur
994 3958 1131 4006 Pontanus
1144 3954 1173 4006 iu
1181 3955 1275 4015 Actio,

232 4013 356 4066 involutae
366 4035 426 4074 sunt
436 4025 509 4093 velo,
520 4029 609 4095 idest,
619 4034 728 4100 velatas,
773 4047 799 4088 et
813 4035 908 4108 Scalig.
923 4038 997 4090 Poet.
1010 4036 1055 4100 lV,
1069 4033 1112 4098 48.
