2644 4614
216 333 279 420 ⁴90
543 327 928 394 cunnensium

214 453 420 516 substernitur
432 471 504 512 vero
518 451 607 534 pellis
621 452 735 530 leonis,
752 465 786 514 ut
799 455 934 515 Heroem
948 449 1098 531 decebat,
1114 467 1148 516 et
1161 473 1267 515 conve·

215 543 320 604 niebat
335 545 367 602 in
381 543 521 603 Herculis
535 545 637 605 sacris.

257 651 321 713 ¹79·
341 631 466 692 Sederat
478 629 544 714 jam
558 623 684 714 vulgus,
699 643 730 692 et
743 631 916 713 Principes,
930 653 966 692 ac
980 633 1089 692 statim
1106 631 1150 692 ad
1166 631 1266 712 epulas

214 718 412 782 discurritur:
432 721 545 783 adsunt
552 719 676 806 jmrencs
691 721 909 797 ministraturi,
924 734 955 782 et
971 720 1007 782 hi
1024 719 1095 782 lecti
1109 741 1151 782 ex
1169 739 1265 792 more3

215 807 300 868 adest
311 809 406 868 etiam
418 809 557 871 Sacerdos
567 831 626 870 osse
635 806 804 870 Herculeos:
821 807 872 872 sed
886 829 956 888 quas
967 807 1112 870 fercula?
1127 807 1196 869 duo
1209 820 1269 866 tan·

215 903 301 970 mm,
320 896 466 957 videlicet
483 912 632 959 tauromm
651 900 776 970 viscero;
794 895 874 957 dona
889 899 1013 972 Cereris,
1036 897 1149 972 idest,
1168 898 1268 978 panis3

217 987 326 1046 vinum
339 1001 501 1068 prseterea:
517 987 597 1048 fiunt
608 985 673 1047 hcec
685 989 828 1061 certatim,
843 986 1105 1048 adiudicandum
1121 983 1267 1047 studium.

261 1077 325 1138 182.
341 1077 468 1160 Explica
484 1077 542 1138 hos
556 1077 634 1138 duos
647 1098 765 1154 versus,
779 1091 814 1136 ut
826 1097 920 1138 nemo
936 1079 1036 1164 prins.
1053 1079 1169 1138 AEneas
1181 1076 1269 1135 vesci·

217 1175 283 1239 tur,
297 1175 327 1224 et
337 1165 464 1248 Trojani
479 1167 605 1247 reliqui,
621 1165 672 1226 sed
686 1185 757 1225 cum
772 1163 966 1226 discrimine:
985 1183 1061 1226 nam
1074 1163 1133 1224 ille
1145 1163 1269 1246 perpetui

219 1264 297 1334 torqo
310 1253 403 1328 bovis;
417 1256 466 1315 isti
481 1251 674 1316 lustmbilibus
687 1256 768 1315 extis.
783 1255 857 1316 Haec
867 1253 1009 1336 profecto
1025 1273 1115 1312 mens
1130 1250 1267 1332 Virgilii:

220 1361 284 1404 non
301 1345 389 1420 scite,
404 1346 458 1426 qui
473 1342 682 1407 confundunt.

262 1430 326 1506 184.
348 1435 515 1514 Postquam
536 1433 726 1494 satisfactum
745 1433 933 1509 necessitati,
953 1453 993 1492 en
1010 1444 1149 1516 exempta
1158 1430 1269 1513 fomes‚·

220 1531 386 1598 postquam
401 1521 570 1603 voluptati,
584 1541 623 1582 en
637 1543 722 1582 amor
731 1542 925 1604 compressam
941 1519 1089 1580 Evander
1102 1519 1233 1599 incipit,
1246 1525 1270 1573 ct

221 1605 328 1668 multis
341 1608 484 1688 quidem,
506 1631 569 1691 quo
582 1613 746 1672 senectutis
758 1613 912 1690 ἀδολεσχίαν
925 1609 1100 1692 intelligas,
1122 1607 1164 1667 ad
1178 1625 1270 1664 exem·

221 1693 310 1774 plum
320 1697 465 1773 Homeri,
478 1701 533 1778 qui
547 1700 589 1758 ita
601 1700 635 1758 in
647 1719 704 1758 suo
714 1701 849 1760 Nestore.
862 1696 947 1776 Quid
959 1717 1033 1756 vero
1046 1695 1109 1756 ait?
1120 1692 1269 1755 solemnia

110 1807 119 1828 ·
223 1775 292 1854 illa,
304 1779 446 1842 videlicet
457 1783 551 1866 dapes
563 1797 592 1842 et
604 1805 705 1859 aram,
718 1799 823 1844 ortum
835 1783 964 1857 habere,
974 1804 1042 1842 non
1052 1805 1071 1846 a
1083 1781 1269 1864 superstitio·

223 1887 276 1940 nc,
288 1882 342 1928 aut
355 1871 552 1949 ignoratione
561 1874 715 1950 Deorum,
727 1873 779 1933 sed
793 1874 832 1934 ab
844 1887 933 1954 grato
946 1876 1071 1947 animo,
1086 1893 1155 1954 quo
1166 1869 1267 1932 servati

222 1973 304 2014 sacra
318 1955 441 2017 faciunt
450 1959 591 2035 Herculi,
603 1973 633 2020 et
643 1961 812 2042 quotannis
824 1973 990 2022 renovant:
1000 1963 1031 2020 ri
1042 1961 1199 2041 imposuit,
1212 1970 1270 2016 tan·

222 2061 317 2121 quam
331 2063 420 2105 unus.

266 2152 331 2213 ¹90·
346 2133 440 2213 Vide,
454 2147 490 2198 ut
504 2135 633 2219 explicet
647 2134 813 2198 edificium
827 2137 1013 2212 laceratum,
1028 2157 1046 2196 a
1061 2155 1144 2217 rupe
1154 2132 1220 2216 jam
1232 2132 1268 2190 la·

222 2222 334 2301 bante3
351 2247 424 2286 nam
442 2225 501 2288 hoc
516 2239 573 2302 est,
589 2248 726 2310 suspenso
738 2229 832 2287 saxis:
851 2226 964 2287 deinde
978 2247 997 2286 a
1011 2225 1097 2286 mole
1112 2225 1268 2294 ruderum,

223 2335 292 2396 quoe
308 2330 467 2377 creverant
482 2329 570 2400 parte
583 2317 707 2378 edificii
721 2317 825 2398 lapse:
843 2315 917 2378 inde
936 2317 1081 2410 seqnitur
1093 2317 1214 2396 optime
1227 2311 1268 2371 de·

262 2458 319 2512 ¹⁷9·
335 2443 402 2496 Tum
413 2443 594 2518 leetijumes.
605 2446 667 2498 Non
678 2463 724 2498 vs·
769 2447 796 2498 in
807 2443 1019 2511 Thiodamante,
1035 2460 1093 2496 non
1102 2444 1163 2511 jem
1175 2453 1267 2511 tergus,

224 2532 267 2572 cet
284 2520 344 2574 lecti
351 2544 359 2572 .·
377 2524 404 2574 in
419 2528 501 2578 sacris
516 2527 587 2580 enirn
602 2525 726 2578 Herculis
769 2524 926 2579 sudomirus
937 2523 994 2584 uti
1006 2519 1069 2586 tur,
1086 2514 1269 2586 semeleter
1304 2515 1305 2589 l

225 2617 274 2650 nee
293 2602 363 2652 servi
381 2603 528 2656 insererent
549 2624 599 2658 nec
619 2604 724 2668 liberti,
769 2599 924 2674 as'arqmri
936 2601 1063 2668 ipsiu-reo:
1079 2611 1168 2654 totum
1177 2597 1269 2654 editio·

226 2676 295 2732 adeo
318 2693 348 2732 nt
370 2682 490 2754 Appius,
511 2687 557 2757 qni
574 2703 652 2738 saera
668 2683 725 2736 lsaec
770 2703 842 2749 υωη,
854 2682 920 2736 adeo
930 2693 962 2736 ut
972 2699 1070 2736 motta
1083 2679 1194 2752 quidem
1205 2676 1268 2728 omit·

224 2761 536 2831 transtulitirslilrertos,
550 2765 607 2831 vel,
623 2777 653 2818 ut
665 2783 727 2836 qm
771 2764 848 2817 tenda
869 2763 980 2816 duxerit.
1004 2760 1075 2814 Vide
1096 2772 1193 2814 notem
1214 2756 1267 2819 183,
1303 2815 1304 2824 ,

224 2837 727 2916 convotunr,nserv0=puhtieor,u
770 2843 824 2895 vol.
837 2845 927 2913 lll,p.
941 2842 1004 2910 4¹4·
1303 2833 1304 2923 l

225 2922 341 2974 caruerit
362 2923 461 2988 oculis,
485 2937 512 2978 et
537 2927 607 2978 intra
627 2943 728 2978 mann
809 2924 868 2978 186.
885 2923 941 2976 Has
956 2921 1044 2994 dapes.
1060 2921 1135 2975 Dum
1150 2919 1266 2990 originem

225 3017 332 3054 emnem
347 3002 475 3058 furnilium
489 3004 636 3078 perdiderit
648 3006 727 3060 Pius·
772 3022 910 3058 sacrorum
920 3013 1028 3069 umet,
1039 3000 1138 3071 epulas
1149 3001 1268 3054 etiamst·

226 3080 337 3134 riorum.
352 3083 423 3141 Sero.
769 3097 854 3138 cusat.
879 3083 976 3136 Donat.
991 3111 1027 3124 -
1047 3081 1131 3134 Tanti
1156 3075 1266 3132 numinis

264 3159 457 3236 183.Perpetrsi
473 3175 542 3238 tergo
558 3164 635 3218 louis
652 3163 724 3216 Dicit
771 3163 942 3231 Ηωοιῦξυκ
958 3163 1069 3234 respicit
1086 3159 1211 3214 Herculis
1225 3158 1268 3209 lot·
1302 3209 1303 3238 ,

227 3245 381 3314 appositum
407 3246 455 3296 nni
482 3245 569 3299 Enete
594 3245 728 3315 integrum
772 3243 928 3298 titudinem
941 3241 1083 3295 hncenim
1095 3234 1267 3292 vinnsuilo
1302 3247 1303 3255 ’

226 3335 329 3395 tergum
347 3325 440 3378 bovis:
460 3324 505 3378 lric
521 3327 592 3382 enim
609 3326 728 3378 Heroum
772 3343 827 3396 pne
835 3324 893 3378 aliis
903 3319 1143 3394 spectanda3idso
1157 3331 1267 3372 summ

227 3402 490 3461 honosineonvivio.
498 3407 593 3478 Neque
601 3424 665 3458 vero
673 3417 729 3456 tur·
772 3423 872 3458 numen
882 3425 910 3454 ιε
929 3401 993 3456 inde
1009 3413 1109 3473 postea
1124 3399 1230 3462 mn,
1246 3405 1268 3446 nt

228 3482 275 3536 bet
289 3488 420 3540 nonnum
434 3485 577 3554 lectorem,
595 3488 729 3558 inteqmm
773 3484 808 3540 ds
817 3483 926 3536 usditari
935 3483 1010 3536 Deo:
1023 3483 1083 3552 quis
1093 3482 1169 3534 enim
1178 3481 1268 3552 ignaru
1301 3509 1302 3512 =

230 3555 333 3634 tergum
353 3565 446 3633 bovis,
469 3579 585 3638 quantus
607 3566 665 3637 ipss
689 3574 730 3616 est
776 3564 897 3617 rserrsri
906 3565 935 3616 in
944 3561 1058 3625 bellos,
1072 3559 1142 3633 quid
1155 3561 1268 3612 sitiutet

229 3639 293 3707 hos,
305 3647 459 3716 appositum
468 3667 474 3696 s
484 3665 548 3699 nam
557 3643 732 3716 integrosbo·
773 3644 870 3697 Graecis
881 3641 1030 3710 (appiaco.
1044 3641 1103 3713 qu
1115 3659 1198 3705 veru,
1210 3639 1229 3689 si
1236 3638 1268 3705 ju·

228 3737 275 3773 ves
283 3726 367 3776 assari
374 3722 730 3779 solitossatisdeeetdtlson.
774 3736 868 3778 vacent
878 3722 1000 3788 codices,
1019 3721 1139 3775 libenter
1153 3720 1269 3792 tegerem,

229 3799 406 3870 ecquonam
418 3805 492 3877 apud
502 3806 599 3860 Platar.
613 3809 731 3878 integros
778 3804 870 3857 «hanc
882 3802 950 3856 tenti
962 3801 1081 3854 nominis
1092 3795 1268 3866 nramuqtit
1300 3847 1301 3850 ,

232 3895 312 3950 apros
331 3895 421 3932 assam
439 3883 474 3936 sd
491 3903 594 3938 coenam
612 3885 729 3938 Antonii
774 3885 833 3938 hee
844 3902 890 3936 era
900 3881 973 3935 dicta
985 3881 1111 3934 Maxim
1120 3891 1148 3934 et
1155 3877 1217 3932 ideo
1224 3887 1269 3927 tao·
1300 3859 1301 3923 l

232 3958 304 4026 Quin
322 3957 375 4009 lroc
391 3960 427 4012 ad
443 3965 593 4034 exemplum
609 3965 731 4018 Herculis
776 3977 834 4018 tans
842 3981 946 4016 acmen.
959 3960 1130 4029 G.-llujus
1146 3975 1201 4012 arse
1211 3971 1271 4023 mag·
1299 3963 1300 3970 ’

232 4038 332 4106 ipsius,
343 4038 390 4108 qai
402 4040 475 4110 apud
483 4042 593 4096 Philost.
602 4045 684 4112 tnag.
699 4063 728 4104 π.
775 4065 816 4100 ηε
824 4043 945 4098 meminit
953 4041 1039 4094 Tacit.
1051 4039 1125 4092 Anu.
1139 4037 1189 4092 lib.
1201 4035 1251 4088 XV.
