2676 4602
234 321 297 388 262
560 311 942 400 coitur-:urtam

233 443 299 504 bore
311 459 457 524 quercum.
471 439 530 500 Sed
542 459 596 498 cur
607 441 708 497 Boreoe
724 437 757 494 iu
773 431 907 518 plurali?
918 435 990 516 quia
1006 437 1142 517 geminae
1158 457 1284 497 sorores

232 549 333 588 unum
354 538 549 610 oppugnant.
567 523 765 586 Curetum?
786 543 852 583 uon
870 537 1021 600 evertere,
1041 538 1099 585 aut
1118 522 1285 606 frangere?

234 619 307 698 quia
320 615 517 690 conabantur
526 633 661 688 sorores,
673 625 708 672 ut
717 615 827 672 AEneas
838 633 902 672 non
914 612 1016 672 solum
1026 613 1066 672 ad
1076 627 1206 696 tempus
1218 635 1284 672 mn·

234 715 364 778 taretur3
381 703 432 764 sed
446 705 504 777 ita,
523 715 559 762 ut
569 720 731 780 nunquam
744 702 857 760 iterum
868 713 1003 760 mentem
1017 699 1160 761 abeundi
1176 703 1281 760 conci·

232 811 306 872 pere
320 804 437 872 posset.
455 794 486 850 lt
496 789 612 862 stridor,
632 788 746 848 scilicet
760 789 931 869 agitatione
945 787 1082 862 arboris,
1099 809 1280 861 ramorum,

233 876 409 951 frondium3
428 892 456 938 et
472 875 531 938 alte
548 879 742 938 Coastemunt
761 889 863 936 terram
882 895 1019 936 concusso
1037 880 1133 958 stipite
1146 875 1281 960 frondes.

233 970 333 1028 Causa
345 981 377 1027 et
393 965 523 1026 effectus
538 965 773 1024 aconcussione
788 964 903 1045 stipitis
914 964 1080 1024 substratio
1094 964 1282 1024 frondium:

234 1069 265 1118 et
277 1055 336 1118 alte
350 1066 549 1126 comtemunt,
570 1052 680 1126 idest,
700 1053 828 1133 copiose
846 1052 979 1134 impleut
995 1067 1111 1113 terram
1130 1054 1172 1113 ad
1189 1053 1284 1113 flatus

177 1137 180 1149 ’
233 1158 398 1205 ventorum
414 1141 553 1202 frondes.
574 1143 643 1222 Ipso
661 1139 750 1200 taeaet
759 1137 897 1221 scopulis,
915 1153 971 1201 etc.
991 1143 1070 1201 Sunt
1083 1139 1138 1200 bic
1152 1143 1285 1222 signata

233 1253 326 1294 voces
338 1251 409 1292 cum
419 1228 538 1310 duplici
547 1229 748 1310 oppositione
757 1229 893 1304 verticis,
907 1239 936 1287 et
947 1227 1076 1302 radicis;
1087 1222 1175 1304 caeli,
1189 1243 1220 1290 ct
1232 1243 1287 1288 tar·

236 1323 295 1382 tari
305 1344 312 1380 ε
323 1316 636 1380 utverticetenditad
644 1315 770 1391 caelum,
780 1317 824 1376 ita
832 1315 936 1376 radice
945 1316 986 1376 ad
993 1331 1113 1376 tartara
1126 1339 1133 1374 :
1146 1318 1287 1399 expende

235 1408 385 1492 amplius3
396 1421 434 1468 ut
444 1408 559 1467 vertice
569 1404 669 1465 tendit
677 1425 743 1465 non
753 1405 793 1466 ad
806 1425 911 1479 auras,
924 1404 1031 1466 sadud
1040 1425 1131 1465 auras
1140 1404 1289 1479 aetherias,

236 1497 270 1556 id
285 1508 345 1572 est,
356 1496 487 1556 caelum:
505 1496 549 1554 ita
560 1492 679 1570 radice,
694 1513 759 1552 non
772 1491 811 1552 ad
826 1490 1000 1568 infernum,
1012 1491 1065 1552 sed
1077 1491 1120 1550 ad
1132 1505 1289 1564 tartarum,

236 1605 307 1668 quae
322 1607 393 1668 pars
411 1583 534 1644 inferno
548 1583 757 1666 profundior:
778 1595 809 1642 et
825 1584 899 1663 quia
915 1603 1002 1642 ouras
1014 1583 1048 1642 in
1062 1580 1199 1663 plurali,
1218 1581 1287 1641 ideo

236 1679 331 1736 etiam
346 1689 473 1736 tanaro:
491 1685 521 1734 et
532 1687 609 1734 nota
619 1672 756 1733 mediam
767 1691 876 1733 vocem
892 1670 983 1732 tendit
993 1673 1161 1754 quaesitam
1173 1693 1288 1754 oppor-

237 1779 327 1839 tune,
343 1783 412 1844 quae
424 1762 556 1844 quadret
568 1764 710 1822 ascensui
724 1775 755 1822 et
770 1760 944 1821 descensui.

276 1849 344 1930 447.
364 1849 591 1910 Acoommodat
604 1851 870 1932 comparationem
882 1850 1027 1930 negotio;
1050 1851 1127 1930 quia
1143 1847 1287 1922 tunditur,

237 1941 323 2014 sentit
332 1960 432 2013 curas,·
445 1953 477 1999 et
488 1941 563 2022 quia
574 1939 686 2000 assidue
701 1938 846 2014 mrtditur,
861 1941 1047 2014 nauseant,
1067 1937 1121 1998 sed
1134 1940 1287 2019 persenti:

236 2027 289 2088 sed
303 2048 373 2088 vere
390 2026 483 2088 beros
503 2041 562 2105 est,
577 2031 632 2112 qui
646 2028 743 2090 nullis
755 2042 913 2106 movetur,
926 2030 1048 2090 tametsi
1063 2047 1155 2088 curas
1167 2047 1290 2110 persen·

237 2117 311 2190 tiat3
324 2118 424 2198 utqui
439 2115 551 2193 bomo,
562 2131 599 2178 ut
611 2119 665 2200 qui
675 2128 842 2178 amaverat.
853 2117 893 2176 Et
902 2118 976 2198 quia
985 2119 1080 2176 Herus
1086 2160 1096 2188 ,
1109 2114 1200 2190 ideo,
1213 2133 1290 2172 ntem

238 2209 361 2267 immota
372 2220 487 2281 manet,
499 2220 535 2267 ut
547 2227 677 2288 quercus
691 2205 788 2268 baeret
799 2205 953 2288 seopulis:
969 2203 1107 2286 mcrymae
1118 2202 1289 2274 volumtas,

236 2308 273 2354 ut
293 2293 383 2356 llatus
404 2309 435 2356 et
455 2295 571 2357 stridor
590 2309 756 2357 ventorum
777 2295 894 2356 frustra
918 2313 1066 2376 quercum
1088 2304 1289 2375 oppugnant3

238 2393 331 2460 atque
347 2383 391 2440 ita
407 2381 469 2442 illae
487 2403 631 2445 sororum
646 2383 791 2467 lacrymas
803 2383 919 2445 cadunt
934 2385 1049 2456 inanes,
1067 2393 1099 2440 et
1114 2378 1201 2439 nihil
1216 2397 1288 2460 pro·

239 2468 362 2530 luturae.

263 2553 348 2630 450.
361 2557 474 2634 Causa,
489 2571 519 2620 et
532 2560 660 2622 effectus
669 2561 853 2644 :desperans
864 2561 951 2621 enim
966 2578 1002 2619 ex
1016 2571 1146 2617 terrore
1155 2556 1290 2615 fatorum

238 2645 296 2706 sibi
308 2648 541 2708 imminentium
556 2665 621 2710 orat
638 2664 768 2712 mortem.
780 2650 857 2713 Inde
868 2649 949 2724 odit,
961 2667 1029 2729 quae
1041 2647 1140 2708 vitam
1157 2661 1289 2724 sequun-

235 2743 302 2809 tur3
317 2755 373 2796 nec
386 2736 455 2796 vult
466 2738 546 2798 tueri
561 2757 699 2798 convexa
716 2741 801 2814 caeli5
819 2759 890 2800 vere
911 2735 1023 2797 caelum
1038 2737 1161 2815 ipsum,
1179 2745 1209 2790 et
1225 2727 1288 2790 caeli

236 2822 421 2900 claritatem3
434 2826 615 2909 sed'pl'acuit
625 2839 726 2909 poetae
738 2829 854 2889 locutio
867 2822 922 2888 illa
933 2825 972 2885 de
983 2823 1198 2884 convexitate.'

275 2907 345 2984 452.
360 2914 450 2973 Hanc
466 2914 660 2974 voluntatem
674 2914 829 2974 moriendi
842 2926 964 2975 ostenta
980 2909 1193 2990 sexadjuvant
1206 2930 1212 2965 :
1227 2905 1286 2988 pri·

237 3022 325 3062 mum
337 3015 493 3063 ostentum
504 3006 593 3085 :puri
605 3003 709 3063 latices
722 3023 826 3085 aquae,
838 3002 945 3077 lactis,
958 3002 1041 3076 vini,
1056 2997 1165 3060 subito
1177 3017 1232 3080 per
1244 3015 1285 3055 su·

271 3152 332 3220 442.
348 3152 443 3226 Alpini
460 3154 556 3204 Boreoe.
577 3152 684 3206 Flentes
704 3153 737 3206 de
783 3153 869 3220 ticos,
882 3154 929 3226 qui
941 3151 1034 3205 dicunt
1046 3169 1142 3224 parem
1155 3166 1213 3201 esse
1225 3147 1282 3198 alti·

236 3229 369 3302 Alpibus,
388 3249 446 3302 qnae
467 3229 606 3282 Gallorum
626 3231 736 3304 lingua,
782 3231 901 3285 tudinem
909 3230 1030 3284 radicum
1039 3227 1280 3282 etarborum.Serv.

236 3309 286 3360 atti
299 3321 398 3365 montes
413 3320 551 3361 vocantur.
569 3309 603 3360 Et
619 3312 735 3381 speciem
815 3314 876 3382 451.
897 3311 985 3364 Toedet
1002 3309 1060 3361 coelt'
1076 3325 1193 3360 convexa
1209 3304 1278 3356 tueri.

235 3407 286 3460 pro
299 3389 498 3462 genereposuit
511 3411 516 3440 :
530 3409 592 3442 nam
605 3391 734 3463 Alpinum
779 3391 810 3444 ld
830 3405 888 3459 est,
906 3394 966 3444 vitae
985 3401 1129 3462 pertesum
1148 3399 1197 3438 est.
1215 3382 1277 3434 Vide

235 3472 345 3522 Boream
377 3487 427 3540 pro
452 3487 620 3542 quocumque
652 3486 733 3525 vento
778 3469 873 3544 Scalig.
890 3472 942 3538 111,
963 3487 1010 3539 ¹9³
1027 3482 1054 3520 et
1067 3467 1119 3532 IV,
1136 3466 1178 3519 23.
1201 3467 1277 3515 Porro

237 3549 319 3612 dixit,
330 3546 373 3598 vel
386 3549 448 3618 quia
457 3551 620 3619 potentiores
631 3564 734 3604 monta·
779 3561 908 3603 annotant
915 3547 1089 3600 Grammatici
1098 3545 1218 3616 quidam,
1224 3561 1277 3594 con·

236 3629 266 3679 ni
277 3637 338 3678 sunt
349 3629 429 3678 venti.
441 3630 564 3682 -Nunc
575 3629 650 3697 binc,
664 3651 735 3684 nunc
779 3650 871 3682 nexum
890 3629 947 3682 ceti
962 3629 1036 3680 cerui
1051 3643 1107 3678 non
1125 3642 1220 3696 posse,
1234 3621 1276 3674 sed

234 3705 735 3781 flatibusillinc;sicutAEueasabAuna
779 3711 835 3779 ejus
851 3725 1016 3768 concavum
1037 3724 1068 3757 ac
1087 3703 1203 3776 proinde
1220 3721 1275 3754 con·

237 3784 465 3840 armunensem.
780 3805 844 3838 vexa
853 3805 903 3859 pro
914 3785 1037 3839 concavis
1047 3782 1147 3834 dixisse
1156 3791 1273 3852 poetam

271 3865 333 3932 445.
344 3867 431 3918 Haeret
439 3869 556 3941 scopulis.
567 3869 640 3923 Sicut
650 3869 695 3922 ille
706 3871 735 3923 in
780 3881 862 3938 quum
874 3869 908 3919 sit
919 3881 1078 3928 convexum,
1090 3879 1203 3914 curvum
1213 3876 1273 3912 cavo

236 3945 347 3999 consilio
370 3963 538 4018 perseverat.
560 3979 595 3989 --
619 3951 734 4001 Tantum
779 3947 942 4018 oppositum.
957 3943 1010 3996 Sed
1026 3959 1173 3995 convexum
1187 3955 1272 3994 aarum

237 4026 359 4083 radicclo
372 4027 488 4082 Tartara.
504 4028 654 4084 Secundum
666 4027 734 4100 phy·
778 4045 834 4080 esse
845 4039 919 4080 retur
932 4022 1082 4077 Turnebus.
