2670 4596
247 283 290 348 3ο
576 274 960 339 COMMENTARIA

248 399 340 464 fundi
353 417 486 460 secessus
500 395 635 456 frontem
648 393 807 456 adversam
822 408 956 476 spectat:
973 397 1032 456 erit
1044 398 1150 480 itaque
1165 414 1287 482 portus,
1323 383 1324 452 l

249 490 383 574 spatium
400 483 478 544 illud
491 481 646 543 inclusum
658 484 741 542 inter
751 485 962 544 continentem
975 498 1068 564 atque
1082 486 1234 563 insulam
1248 505 1288 550 at·

248 571 581 663 queadeovcreinsula
590 571 1149 654 efficitportumetseipsa,etsuorum
1158 575 1286 638 laterum

248 667 452 752 porrectione.
472 663 629 744 Sequitur,
647 662 749 742 quibus
767 664 862 722 omnis
880 662 917 722 alr
933 661 995 723 ulto
1010 667 1183 748 Franqitur,
1207 670 1286 748 inque
1323 661 1324 712 ἕ

247 761 326 820 sinus
336 753 441 816 scindit
451 773 508 812 sese
520 750 598 811 undu
611 749 748 810 reductos.
757 751 841 810 Dicit
853 748 970 810 undam
982 754 1161 813 venientem
1173 753 1214 814 ab
1227 755 1285 815 alto
1323 751 1324 762 ¹

248 846 327 904 mari
348 842 449 922 frangi
467 842 500 898 in
518 837 581 898 illis
597 837 743 896 lateribus
760 838 906 918 utrinque
922 841 1090 920 porrectis,
1110 861 1146 899 ac
1160 841 1286 923 perinde

247 948 351 994 tutum
364 951 427 991 esse
442 944 569 1010 portum
584 926 622 985 ab
638 927 868 986 incursionibus
880 927 1051 987 fluctuum:
1073 949 1177 1012 neque
1189 931 1286 990 solum
1323 979 1324 988 ,

247 1023 333 1084 unda
346 1021 523 1101 frangitur3'
535 1016 588 1077 sed
605 1015 720 1074 scindit
736 1037 767 1076 se
784 1017 816 1074 in
833 1017 919 1076 sinus
933 1017 1094 1092 reductos,
1113 1033 1144 1078 et
1158 1019 1285 1079 refluens
1323 1047 1324 1056 ¹

247 1114 327 1172 circa
348 1109 425 1169 duas
446 1107 652 1166 extremitates
671 1103 797 1178 insulae,
819 1103 940 1164 aditum
960 1119 1128 1186 utrumque
1152 1109 1288 1188 sequitur
1323 1125 1324 1174 l

247 1199 348 1262 multo
361 1213 391 1258 ct
403 1200 531 1258 sinuoso
543 1195 639 1268 flexu,
655 1207 747 1275 atque
757 1207 898 1276 penetrat
910 1198 1051 1276 usquein
1063 1197 1210 1254 intimum
1222 1217 1287 1279 por·
1323 1197 1324 1282 l

247 1307 330 1362 tum,
346 1289 400 1369 qui
413 1287 548 1367 speciem
560 1283 721 1362 tranquilli
734 1284 835 1363 stagni
847 1281 986 1364 praebet:
999 1282 1072 1343 hinc
1082 1297 1113 1342 et
1122 1285 1212 1359 inde,
1222 1285 1288 1344 dex·
1323 1309 1324 1312 ¹

249 1393 295 1438 tra
311 1377 451 1458 laevaque
467 1393 600 1446 secessus,
620 1391 685 1430 non
699 1370 827 1448 insulae,
846 1385 1039 1452 consurgunt
1055 1372 1095 1430 ad
1107 1373 1219 1432 caelum
1233 1376 1286 1432 mi·
1323 1399 1324 1442 ,

247 1478 358 1528 nantes
370 1461 508 1544 scopuli,
521 1480 656 1543 quorum
668 1457 732 1518 duo
745 1458 888 1518 altissimi
901 1475 1092 1540 procurrunt
1105 1459 1144 1519 ad
1157 1475 1287 1520 extrema
1323 1465 1324 1484 ³

248 1569 337 1614 terrae
352 1549 543 1611 continentis
558 1568 689 1622 cornua,
704 1548 747 1606 ita
762 1561 798 1606 ut
810 1560 918 1607 ventos
931 1559 1057 1607 arceant
1069 1561 1100 1607 et
1112 1546 1185 1606 latis
1200 1549 1287 1607 verti·
1323 1567 1324 1618 ᾗ

248 1630 339 1700 cibus
351 1657 447 1718 aquas
459 1637 555 1717 ipsius
567 1648 676 1717 portus
692 1637 822 1695 omnino
838 1632 1008 1716 aequabiles
1021 1655 1209 1716 securasque
1219 1655 1287 1717 pro·
1323 1627 1324 1682 Ῐ

246 1740 363 1808 tegant.

292 1812 356 1889 164.
372 1814 494 1874 Transit
511 1811 550 1872 ad
568 1811 694 1872 delicias
710 1813 806 1871 totius
819 1811 899 1871 loci:
918 1825 984 1872 erat
1000 1813 1034 1870 in
1047 1825 1183 1893 utraque
1195 1811 1289 1870 conti·
1323 1835 1324 1838 ¹

248 1904 352 1964 nentis
370 1916 459 1984 parte
477 1921 563 1961 scena
580 1900 699 1982 desuper
716 1901 823 1981 portui
841 1902 1009 1976 imminens,
1029 1914 1061 1959 et
1072 1898 1159 1980 sylvis
1170 1901 1287 1960 consscis
1323 1967 1324 1972 η

248 1991 376 2054 effecta:
393 2012 466 2052 nam
484 1989 609 2052 arbores
627 2011 664 2050 ex
679 1991 765 2050 varia
781 2011 943 2050 ramorum
960 1991 1130 2072 agitatione
1145 1989 1288 2064 videntur
1323 2031 1324 2062 f

247 2084 379 2159 micare,
390 2101 554 2155 coruscare,
567 2095 596 2140 et
605 2081 735 2152 vibrari3
749 2076 899 2140 etnemus
909 2079 1080 2141 obscurum
1089 2075 1289 2140 horrentibus
1323 2119 1324 2160 ,

248 2170 398 2232 loliorum
410 2169 548 2245 umbris,
560 2185 661 2230 totum
676 2171 830 2229 interioris
842 2185 951 2252 portus
965 2170 1119 2230 ambitum
1131 2169 1289 2250 undequa-

246 2282 307 2342 que
324 2282 342 2320 a
359 2260 433 2322 solis
450 2259 561 2320 ardore
578 2258 774 2320 defendebat.
793 2262 903 2320 Fronte
917 2260 969 2321 sub
983 2259 1117 2334 adverse,
1134 2259 1239 2335 idest,
1257 2261 1288 2318 in
1323 2281 1324 2354 q

247 2348 358 2408 ultimo
371 2349 430 2409 loci
443 2368 579 2424 recessu,
592 2347 660 2429 quae
673 2347 762 2408 frons
775 2361 819 2408 est
832 2347 961 2409 adversa
973 2361 1103 2430 portum
1114 2369 1170 2430 per
1182 2347 1286 2408 ambas
1323 2355 1324 2428 l

247 2436 353 2498 fauces
372 2439 561 2496 intrantibus
578 2452 607 2496 et
625 2458 661 2496 ex
678 2435 742 2496 alto
760 2439 839 2496 mari
852 2439 1067 2512 venientibus,
1087 2436 1217 2520 patebat
1239 2459 1287 2498 an·
1323 2449 1324 2474 ³

248 2539 332 2584 trum
351 2524 562 2608 pendentibus
580 2523 748 2584 formatum
768 2524 920 2607 scopulis,
942 2528 996 2608 qui
1013 2525 1078 2585 fere
1097 2539 1198 2586 toturn
1217 2526 1288 2586 litus
1323 2529 1324 2602 }

248 2611 380 2673 dimidio
401 2613 515 2676 circulo
534 2613 683 2674 tenebant
702 2628 732 2674 et
750 2617 959 2696 occupabant.
977 2617 1062 2676 Intra
1083 2629 1213 2676 antrum
1229 2614 1289 2675 hoc
1323 2683 1324 2688 ἵ

248 2716 349 2777 erant,
369 2723 453 2784 aque
466 2701 576 2776 dulces,
598 2700 753 2784 sediliuque
766 2725 781 2764 e
794 2725 865 2763 saxo
878 2705 943 2764 vivo
948 2728 959 2778 ;
980 2701 1096 2763 scilicet
1110 2702 1220 2764 sedilia
1235 2725 1288 2763 na·
1323 2769 1324 2776 χ

246 2805 332 2866 tura,
344 2812 409 2852 non
421 2804 501 2868 arte,
514 2805 568 2852 aut
579 2812 676 2852 manu
689 2791 781 2852 facta.
797 2791 939 2852 Absolvit
951 2789 1159 2874 Nympharum
1172 2792 1289 2867 domus‚·

247 2901 344 2962 quum
357 2880 509 2962 Nympha
522 2883 667 2943 dicantur
678 2879 866 2942 habitarein
881 2884 976 2941 antris
989 2902 1025 2940 ac
1037 2880 1180 2941 lontibus
1198 2902 1289 2942 amoe-
1323 2927 1324 2956 ,

247 2969 308 3042 nis,
319 2967 422 3029 noluit
431 2969 490 3029 hoc
499 2984 593 3051 poeta
603 2970 777 3050 relinquere
788 2969 828 3029 ad
838 2968 966 3051 plenam
976 2969 1196 3052 descriptionis
1206 2991 1289 3031 com·
1323 2967 1324 3050 l

246 3053 491 3118 mendationem.
510 3057 614 3117 Solent
629 3079 722 3117 nares
736 3060 876 3140 inportu
890 3057 1022 3119 vinculis
1035 3073 1129 3140 atque
1143 3058 1289 3120 anchoris
1323 3051 1324 3146 l

248 3143 377 3228 illigari,
398 3167 437 3205 ne
458 3145 627 3206 fluctuent:
651 3143 699 3206 his
717 3167 783 3206 non
802 3147 934 3228 egebant
952 3149 1054 3210 AEneae
1073 3168 1183 3225 naves,
1203 3163 1239 3210 ut
1258 3152 1289 3208 in

247 3249 341 3317 portu
354 3233 524 3294 admodum
536 3231 717 3316 tranquillo.

292 3345 357 3406 ¹7⁰·
376 3324 467 3384 Redit
484 3324 525 3396 ad
539 3324 751 3384 narrationem
764 3339 834 3406 post
845 3323 973 3407 longam
988 3337 1098 3408 portus
1112 3324 1291 3408 descriptio·
1323 3353 1324 3388 3

247 3431 330 3470 nem.
349 3414 456 3472 AEneas
470 3433 542 3493 ergo
555 3409 705 3493 colligens
717 3411 871 3494 naufragii
884 3413 1032 3495 reliquias
1045 3411 1103 3474 leuc
1115 3413 1208 3489 subit,
1225 3435 1291 3474 suc·

248 3497 345 3572 cedit,
363 3497 487 3560 collectis
502 3515 625 3562 tantum
639 3523 675 3561 ex
690 3503 770 3560 omni
782 3523 903 3562 nunrero
914 3516 1019 3584 septem
1031 3501 1174 3562 nauibus:
1196 3504 1288 3560 nimi-
1323 3499 1324 3550 l

247 3603 332 3658 rum,
343 3605 404 3666 qua
414 3587 481 3666 ipse
489 3588 676 3649 vehebatur:
687 3589 804 3666 tribus,
813 3587 1042 3672 qtnaNotusin
1053 3611 1127 3650 saxa
1137 3590 1291 3667 induerat,

285 3742 341 3808 164.
359 3745 475 3816 Equora
495 3759 550 3802 tuta
566 3749 650 3802 silent.
662 3751 743 3802 Tem·
788 3749 1289 3822 theatriscenaparietemnonhabuit:
1323 3741 1324 3802 l

245 3833 348 3894 pestate
371 3821 500 3892 defensa,
523 3827 584 3880 ideo
604 3827 690 3880 silent.
707 3857 742 3868 -
787 3829 835 3880 sed
850 3829 883 3881 de
895 3830 1037 3881 frondibus
1048 3829 1208 3881 umbracula
1220 3847 1290 3898 quar-
1323 3823 1324 3858 ¹

244 3901 343 3955 Scoena.
356 3903 537 3957 inumbratio:
551 3906 741 3959 etdictarcena
786 3907 888 3960 rebant.
907 3909 991 3961 Scena
1006 3921 1094 3960 autern
1110 3925 1175 3979 pars
1192 3907 1289 3960 theatri

247 3979 296 4031 eui
306 3980 421 4040 circuiit
434 4005 440 4035 ε
454 3984 526 4056 apud
538 3987 661 4056 antiquos
669 3987 740 4040 enim
786 3987 898 4043 adversa
910 3989 1103 4062 spectantibus.
1115 3991 1186 4043 Seru.
1323 3975 1324 4004 ¹
