2700 4586
359 289 411 352 m
434 286 671 357 anemos
691 290 784 358 nte.
810 289 835 358 1.
1071 323 1110 392 91

73 412 264 496 vaporibus:
284 413 386 492 ignes,
408 410 550 492 fulgura,
565 409 701 472 'fulmina
723 433 758 475 cx
776 414 1041 481 exhalationibus:
1063 424 1114 482 vel

73 503 213 562 luneseia
234 500 379 576 canebat,
406 519 554 581 vaporem
572 499 696 560 densari
712 503 746 562 in
763 523 877 586 aquam
895 525 953 587 per
967 507 1114 590 frigidam

73 592 234 672 regionem
251 589 345 662 aeris,
365 585 450 647 nude
472 605 546 647 mor
566 587 701 650 decidit:
721 589 846 672 fulgura
863 607 968 653 autem
990 594 1057 654 fieri
1078 615 1114 654 ex

74 679 207 738 nubium
231 675 403 736 collisione.
431 676 572 736 Ganehat
596 679 690 738 etiam
719 681 890 754 Arcturum,
921 683 965 742 sic
993 679 1115 742 dictum

74 768 160 847 quasi
183 767 279 846 ἄρκτου
297 770 389 848 cipi-:5
415 765 539 847 Hyades
550 763 684 847 pluviae:
704 768 772 849 ipso
792 766 944 829 attributo
961 772 1115 850 originem

72 856 157 914 rucis
182 852 317 927 indicat3
338 852 429 914 dictae
450 855 535 913 enim
556 858 849 932 sententiantium
871 853 904 915 id
927 871 987 932 est,
1008 855 1115 937 pluere.

72 941 212 1002 Canebat
224 944 328 1002 ίήοηεε
341 943 483 1023 geminos,
499 941 532 1000 id
547 955 607 1016 est,
621 943 714 1003 boves
729 942 901 1018 duospalio
913 947 1054 1018 nomine,
1067 967 1117 1004 ur·

72 1049 136 1090 san:
155 1029 333 1111 duplicem,
354 1030 496 1092 iudicans
510 1045 676 1112 utramque
694 1051 811 1092 ursam.
825 1033 1117 1107 nomencimissi,

74 1117 151 1202 Quid
162 1132 293 1194 tuntum,
316 1131 374 1180 etc.
395 1118 428 1178 id
447 1133 505 1194 cst,
524 1119 658 1181 canebat
669 1137 793 1181 oausam
810 1134 976 1188 contracta
991 1121 1072 1180 lucie
1084 1123 1119 1179 in

71 1205 195 1288 hyeme,
215 1221 248 1268 et
264 1209 404 1269 noctium
420 1208 694 1290 longissimarum:
709 1212 816 1292 itaque
832 1225 934 1270 totum
950 1210 1059 1270 relerri
1077 1207 1118 1268 ad

71 1293 216 1378 hyemem
226 1312 346 1379 potest,
361 1296 416 1357 ubi
428 1299 493 1358 dies
503 1299 610 1359 breves
623 1313 712 1376 eunt,
723 1313 830 1360 noctes
840 1299 958 1380 longu;
968 1299 1030 1357 nisi
1040 1296 1118 1356 velie

73 1385 166 1461 illud,
186 1385 234 1446 uel
254 1407 319 1470 qun
338 1385 426 1448 taralis
444 1407 525 1448 amau
547 1389 797 1465 neoniam-obstet,
821 1391 922 1472 accipi
944 1387 1056 1450 debere
1079 1385 1119 1445 de

73 1475 186 1535 estivis
199 1473 350 1536 noctibus
365 1475 455 1536 tarde
465 1479 664 1538 venientibus
676 1499 683 1537 :
697 1479 784 1560 quasi
800 1477 895 1553 dicat3
908 1497 963 1538 cnr
972 1475 1040 1538 dies
1053 1475 1120 1534 bre·

74 1565 202 1623 vescint
216 1566 249 1623 in
262 1563 391 1647 hyeme,
403 1585 460 1625 cur
471 1565 559 1647 longi
572 1568 606 1626 in
620 1580 736 1628 testate.
755 1569 834 1644 Quae
844 1565 1009 1648 explicatio
1021 1565 1120 1644 magis

75 1653 203 1728 arridet3
217 1654 260 1714 sic
274 1653 359 1717 enim
374 1669 515 1738 opponet
525 1656 589 1717 duo
604 1659 680 1717 anni
694 1671 846 1739 tempora.

108 1740 178 1825 747.
196 1746 419 1804 assentiuntur
436 1765 545 1806 omnes
562 1747 681 1806 musico
700 1747 799 1827 iope,
820 1759 851 1806 et
871 1759 961 1826 grato
981 1742 1119 1830 quodam

73 1828 179 1892 lavore
190 1831 280 1892 illins
291 1833 481 1894 cantilenam
495 1848 738 1916 prosequuntur.
751 1837 846 1894 Notat
860 1835 982 1893 Pierius
995 1833 1029 1891 in
1041 1851 1119 1891 non-

74 1919 169 1980 nullis
181 1921 244 2002 lcgi
258 1921 382 2003 plausa:
395 1941 461 1984 nou
473 1923 590 2004 placete
606 1940 681 1982 uam
693 1926 816 1984 tametsi
830 1923 957 1983 suavior
969 1923 1011 1980 sit
1022 1937 1119 1980 sonus

74 2007 234 2089 adempta,
249 2031 293 2086 m,
309 2023 445 2071 attamen
459 2010 512 2070 illa
529 2009 637 2071 addita
652 2009 765 2073 melius
777 2010 964 2091 exprimitur
977 2025 1120 2066 murmur

72 2099 303 2157 insonantium.
590 2139 593 2152 .
1102 2163 1105 2168 ,

110 2181 180 2263 748.
194 2183 351 2244 Trahebat
366 2185 450 2245 Dido
466 2203 585 2261 moras,
606 2200 636 2248 et
653 2207 689 2246 cx
705 2187 809 2246 studio
824 2184 992 2245 differebat
1006 2203 1120 2244 sermo·

72 2292 143 2332 nem
155 2275 302 2354 usquead
313 2273 445 2340 multam
457 2291 597 2352 noctem,
610 2275 724 2358 cupida
735 2275 861 2338 fruendi
871 2275 987 2347 AEncae3
998 2285 1121 2354 arrepta

72 2361 238 2422 occasione
251 2384 269 2424 a
282 2361 423 2440 Priamo,
434 2364 473 2426 ab
485 2369 638 2426 Hectore:
653 2365 748 2426 simili
761 2363 880 2426 effectu
892 2364 945 2427 hic
957 2359 1061 2448 infelix
1075 2359 1120 2420 di·

72 2449 165 2526 citur,
185 2473 251 2532 quo
269 2472 365 2534 supra
382 2455 501 2529 misere,
522 2469 633 2537 atquo
654 2475 762 2518 amans
780 2455 891 2518 Medea
911 2455 950 2518 ab
969 2449 1120 2532 Euripide

72 2539 211 2620 clampre:
224 2544 393 2622 quamsit,
407 2542 520 2606 bibebat
531 2542 653 2626 longum
662 2565 806 2620 amm,
822 2546 990 2626 respiciens
998 2541 1038 2602 ad
1048 2561 1120 2602 con-

71 2628 206 2703 vivium,
229 2647 336 2690 revera
357 2630 478 2692 indicat
497 2633 640 2694 saucium
659 2635 811 2695 animum.
833 2632 979 2692 Nunnius
999 2626 1118 2707 longum

71 2715 221 2798 explicat,
237 2735 369 2793 sevum,
384 2731 416 2778 et
431 2722 659 2800 perniciosum,
677 2721 763 2802 qnod
782 2718 985 2799 amplectitur
1000 2715 1119 2774 Robor-

70 2801 179 2863 tellns:
201 2805 254 2866 sed
273 2806 358 2867 malo
378 2805 553 2889 intelligere
574 2807 613 2869 de
637 2825 745 2868 amore
765 2823 859 2889 quem
879 2803 1010 2863 bibebat
1032 2799 1118 2879 longo

71 2887 200 2968 haustu,
216 2907 368 2977 tanquam
385 2895 499 2978 reliqui
516 2896 643 2971 vinum,
663 2895 729 2956 s'ola
745 2893 828 2954 Dido
846 2909 985 2952 amorem
1002 2887 1120 2957 biberet,-

72 2979 147 3062 ἔρωτα
158 2987 258 3060 πίνων,
274 2995 309 3042 ut
321 2981 406 3066 apud
418 2981 622 3048 Theocritum
635 2997 665 3044 ct
677 2985 879 3045 Anacreonta.

108 3070 178 3153 751.
194 3073 289 3130 Arma
300 3073 477 3136 Menmonis
489 3069 547 3132 filii
561 3077 688 3144 Aurorae
700 3067 885 3132 dicebantur
897 3063 980 3126 iacta
994 3063 1087 3124 fuisse
1101 3083 1118 3119 a

71 3155 225 3230 vnlcssfflli
246 3157 318 3220 ide⁰
334 3155 371 3220 de
388 3158 451 3220 illis
466 3159 617 3243 exquisite
635 3162 761 3244 quaerit3
784 3173 813 3220 et
828 3157 897 3218 ideo
915 3157 1008 3214 etiam
1025 3169 1118 3230 supra

71 3281 239 3344 notavimus,
252 3283 365 3346 ΜΝ,
375 3299 403 3354 p.
416 3283 570 3338 bebelina.
616 3303 667 3336 neo
679 3283 832 3356 patimrbia
842 3277 963 3331 eamdem
978 3291 1032 3324 rem
1044 3271 1115 3322 dici:

105 3359 165 3428 745.
184 3361 256 3430 Qm’d
274 3371 377 3415 tuntum
394 3364 496 3415 Οοεακο
512 3379 572 3436 pto·
616 3379 682 3434 ergo
690 3362 833 3424 hoedinis,
848 3375 905 3428 quae
918 3365 999 3406 causta
1010 3363 1049 3402 est
1061 3349 1122 3400 lon-

69 3449 158 3508 μοναί
177 3458 204 3491 se
226 3439 346 3511 tittqatcra¹
370 3441 434 3494 soles
454 3441 569 3499 Hidemi.
616 3457 711 3512 gerum
723 3442 835 3496 dierum.
847 3441 916 3489 Serv.
929 3433 996 3486 Vide
1007 3431 1117 3496 manv,

71 3519 154 3586 Quid,
163 3521 407 3591 qnamaboaaeam
416 3536 569 3594 properent.
614 3535 677 3591 pag.
693 3521 741 3573 50:
752 3553 762 3585 ,
774 3513 867 3570 notam
876 3529 903 3568 et
911 3513 1116 3586 explicationem

70 3597 254 3669 flamieplaaerii
265 3598 318 3650 hec
329 3600 396 3652 lacit
409 3603 494 3664 retio3
507 3604 571 3673 quia
614 3599 731 3652 duorum
744 3611 771 3652 at
781 3596 937 3652 eorumdem
947 3607 1079 3648 versuum.

70 3675 156 3730 hieme
167 3677 214 3730 llol
227 3679 351 3732 breviore
363 3682 447 3736 utitur
459 3681 570 3732 circulo.
652 3680 713 3749 pl&
725 3681 781 3732 Nee
791 3695 846 3734 aea
855 3688 881 3730 et
890 3678 970 3729 aurio
980 3677 1044 3728 Arte
1053 3689 1117 3744 poe·

70 3785 103 3795 —
116 3758 168 3812 Vel
185 3775 244 3830 guae
263 3759 342 3811 nme
363 3773 437 3811 mora
459 3760 573 3813 aocdlru
614 3762 671 3812 tice
684 3761 785 3825 utitur,
799 3769 830 3810 ut
841 3759 982 3830 promittat
996 3751 1117 3824 aliquid,

70 3837 154 3888 obstet.
167 3837 273 3903 Tardis,
284 3855 339 3890 non
351 3838 455 3910 longis,
467 3837 515 3889 ced
527 3855 572 3891 aaa·
616 3857 671 3911 quo
692 3855 806 3910 aequem
828 3839 898 3891 liber
915 3837 1037 3889 videatur
1057 3847 1114 3884 esse

70 3917 140 3982 aivis,
153 3917 183 3969 id
192 3929 243 3982 cet,
251 3918 326 3972 tarde
334 3918 510 3971 recalentibus.
523 3921 573 3976 Vel
617 3919 775 3989 conjunctus
786 3941 791 3972 :
802 3918 875 3992 quod
885 3921 912 3971 in
925 3916 1047 3970 omuibus
1057 3929 1113 3964 ser-

72 3999 141 4050 euim
163 3998 325 4067 disjunctiva
343 4011 383 4053 eet
400 4001 570 4068 conjunctim
615 4010 668 4050 vat.
679 3999 749 4052 Serv.
