2692 4594
330 297 382 361 IN
407 294 642 361 AENEIDOS
664 297 758 361 LlB.
783 300 856 363 111.
1047 328 1107 376 211

62 442 100 480 ac
115 433 220 480 totum
236 437 325 500 paene
339 430 466 478 antrum
478 419 644 499 occupavit
656 422 793 500 porrecti
805 425 946 503 corporis
956 433 1113 510 magnitu.

60 507 139 570 dine
151 531 158 567 :
175 527 239 590 quo
249 508 283 566 in
292 526 404 566 somno
414 506 509 586 coepit
517 503 677 586 crapulam
687 527 826 582 vomere,
837 523 981 573 eructans
992 520 1112 580 saniem

62 599 261 672 occisorum,
272 610 304 656 et
313 593 412 656 frusta
424 595 582 668 carnium,
596 615 742 654 unacum
754 615 856 672 mero,
871 619 934 679 quo
946 623 977 662 se
990 601 1113 668 affatim

63 687 324 768 ingurgitaverat.
337 686 426 744 Tame
440 701 564 756 omnes,
577 679 656 744 duce
670 683 793 766 Ulysse,
808 690 965 767 praemissa
974 691 1114 758 Deorum

63 776 285 850 invocatione,
297 794 333 834 ac
342 773 480 834 laborem
492 771 612 846 sortiti,
622 773 742 831 circum
753 771 843 832 illum
853 771 1030 856 fundimur,
1043 803 1115 844 ocu·

63 863 213 946 lumque,
228 883 320 943 quem
332 861 462 922 unicum
474 873 598 920 tantum
609 857 763 936 hahebat,
776 881 911 944 eumque
921 865 1069 930 latentem
1080 875 1114 932 in

63 949 172 1012 fronte
189 949 249 1012 sub
266 949 420 1034 capillitie
437 947 576 1032 sylvoso,
596 963 690 1010 acuto
707 951 812 1034 stipite
828 953 1040 1016 terebramus:
1059 962 1115 1039 qui

65 1061 143 1102 sane
156 1041 268 1101 oculus
282 1037 449 1102 videbatur
463 1037 683 1122 magnitudine
698 1040 875 1121 Argolicum
887 1041 1045 1124 clypeum,
1060 1041 1116 1110 aut

64 1127 177 1189 orbem
189 1127 270 1190 Solis
280 1141 521 1210 repraesentare:
535 1129 579 1188 ita
594 1127 721 1188 demum
733 1130 833 1190 socios
848 1127 1043 1211 ulciscimur,
1061 1133 1115 1196 la-

63 1219 180 1280 tissimi
196 1239 262 1278 rem
276 1239 334 1300 pro
350 1219 430 1278 votis
445 1216 606 1278 accidisse.

105 1305 176 1384 639.
192 1307 307 1366 Versus
320 1319 404 1366 tutus
416 1305 610 1366 celeritatem
622 1307 735 1387 spirat,
746 1325 809 1385 qua
821 1305 887 1366 vult
901 1318 936 1368 ut
950 1307 1023 1370 inde
1035 1313 1113 1372 Tro-

59 1391 132 1473 jani
145 1391 275 1452 abeant:
291 1393 381 1474 quasi
391 1389 489 1467 dicat;
502 1389 576 1473 fuga
586 1393 644 1452 ista
653 1393 708 1467 sit,
722 1413 786 1452 non
799 1392 944 1454 solutio‘a
957 1411 1070 1476 portu:
1084 1415 1117 1462 et

64 1479 140 1542 idco
153 1479 262 1542 funem
273 1483 426 1564 rumpite,
440 1503 505 1542 non
520 1479 647 1556 solvite,
662 1502 701 1540 ne
716 1503 812 1544 morae
825 1484 858 1542 in
870 1481 1019 1546 solvendo
1032 1491 1114 1550 sint:

65 1569 147 1630 illud
152 1571 253 1654 fnqite
257 1617 267 1646 ,
281 1593 298 1631 ο
310 1573 420 1646 miseri,
435 1572 567 1653 perinde
579 1593 614 1632 ac
627 1574 653 1632 si
665 1569 765 1646 dicat,
777 1573 897 1648 miseri,
907 1575 967 1634 nisi
977 1574 1116 1657 fugiatis.

106 1657 177 1735 641.
193 1660 272 1721 Mire
287 1661 394 1722 turbat
408 1663 598 1736 orationem,
613 1675 649 1722 ut
662 1663 763 1742 signet
777 1674 910 1739 metum,
927 1666 959 1724 in
975 1683 1039 1747 quo
1051 1682 1115 1726 est:

64 1768 141 1808 nam
156 1750 310 1808 sententia
324 1769 392 1810 esse
406 1745 541 1810 debebat
552 1772 560 1808 ι
575 1748 679 1832 qualis
691 1763 893 1833 quantusque
905 1764 952 1812 est
963 1752 1117 1836 Polyphe-

65 1855 138 1894 mus
147 1836 181 1894 in
188 1856 247 1896 suo
254 1847 360 1912 antro,
371 1857 470 1918 quum
478 1835 599 1900 claudit
604 1836 757 1920 pecudes,
768 1859 867 1920 quum
875 1853 997 1921 pressat
1004 1843 1115 1918 uberes

64 1936 173 1986 tantus
188 1924 324 2006 talisque
340 1925 432 1986 nobis
447 1937 590 2010 apparet,
606 1941 661 1988 aut
675 1925 753 2010 quid
768 1928 888 1987 simile:
903 1928 957 1988 sed
971 1943 1116 2010 amputat

66 2008 216 2088 verbum,
236 2026 267 2072 et
287 2015 461 2074 oraticnem
481 2013 697 2097 imperfectam
717 2013 886 2096 relinquit:
907 2013 999 2075 video
1023 2037 1116 2098 posse

64 2103 257 2162 sententiam
272 2105 399 2164 annecti
417 2124 491 2164 cum
508 2104 724 2186 sequentibus,
742 2105 786 2163 ita
802 2117 838 2163 ut
849 2101 931 2162 nihil
945 2103 1044 2178 desit;
1063 2103 1117 2166 scd

65 2191 177 2248 neseio
192 2189 247 2272 qui
259 2188 400 2251 turbatio
413 2191 483 2268 illa,
497 2213 591 2272 vam
603 2190 756 2274 explicui,
767 2192 874 2272 potior
887 2191 929 2248 sit
941 2189 984 2248 ad
993 2207 1068 2250 rem.

106 2275 178 2352 643.
194 2279 256 2356 Qui
275 2281 438 2361 superiora
459 2301 531 2340 cum
550 2279 601 2342 his
621 2293 806 2354 annectunt,
825 2279 868 2349 ita
884 2277 1001 2338 debent
1017 2277 1116 2360 expli·

65 2385 156 2426 care:
178 2365 281 2450 qualis
294 2381 494 2450 quantusque
508 2371 542 2430 in
556 2382 647 2428 antro
662 2388 720 2428 suo
732 2379 783 2428 est
796 2362 1024 2445 Polyphemus,
1043 2367 1118 2428 sales

66 2455 212 2534 tantique
223 2471 350 2518 centum
362 2457 416 2516 alii
431 2455 582 2539 Cyclopes
594 2455 739 2520 habitant
749 2454 818 2516 baec
828 2453 937 2529 litera3
951 2471 1058 2516 errant
1069 2454 1118 2516 his

65 2541 242 2604 montibus.
260 2543 341 2606 Vide
356 2567 447 2622 vere,
465 2548 514 2608 uti
528 2560 647 2608 metum
662 2546 799 2606 incutiat
811 2565 828 2603 a
841 2543 1045 2606 multitudine
1056 2545 1116 2627 Gy·

67 2627 214 2712 clepunt:
226 2653 290 2694 non
301 2653 383 2695 unus
393 2633 622 2718 Polyphemus,
631 2632 685 2694 sed
696 2648 823 2694 centnm
833 2633 1000 2710 (numerus
1008 2630 1117 2694 finitus

66 2739 128 2801 pro
147 2719 409 2802 indeterminato)
427 2723 482 2782 alii
498 2721 550 2784 hic
567 2737 658 2786 sunt:
678 2717 826 2781 habitant
840 2739 915 2780 vero
928 2717 995 2778 haec
1009 2719 1117 2794 litores

66 2820 176 2868 errant
189 2807 240 2870 his
254 2809 432 2885 montibus,
446 2831 512 2870 non
527 2825 563 2872 ut
577 2810 631 2870 ille
646 2812 680 2869 in
695 2823 786 2869 antro
798 2805 947 2868 inclusus.
957 2808 1018 2867 Est
1030 2807 1120 2889 aalys

66 2896 207 2978 passim,
228 2895 374 2960 obviam:
393 2897 448 2958 hic
465 2919 539 2960 vero
556 2915 659 2960 serina
675 2909 761 2958 totus
773 2910 822 2958 ast
836 2899 1024 2978 προληπτικόςε
1044 2909 1119 2956 nam

70 2981 136 3045 dici
149 3001 275 3067 posset:
287 2991 317 3048 si
329 3006 430 3050 caecus
442 2983 667 3070 P'alyplremus,
678 3007 734 3048 cur
742 2983 918 3048 timendus?
926 2983 1024 3047 Solvit
1035 3005 1041 3044 :
1054 3003 1119 3048 non

68 3073 125 3135 ille
137 3090 187 3135 est
198 3076 318 3154 solum3
334 3077 388 3138 sed
400 3077 455 3138 alii
467 3077 571 3139 multi.

111 3159 182 3238 645.
193 3165 302 3245 Signat
310 3178 373 3228 tres
382 3185 520 3243 menses,
530 3166 646 3248 quibus
653 3167 752 3228 sitam
762 3185 827 3228 nen
838 3177 903 3224 tem
910 3161 1016 3238 ducit,
1024 3183 1120 3244 quam

70 3305 118 3358 nia
129 3306 207 3378 signa
216 3309 294 3378 ponit
302 3305 398 3360 bellua
408 3312 577 3362 occasionem
662 3311 723 3379 641.
746 3309 818 3363 Nam
841 3303 925 3379 qualis
947 3309 1117 3378 quantusque.
1167 3312 1169 3316 '

69 3385 107 3437 ad
119 3385 221 3437 eedem
233 3387 384 3458 praebentis.
399 3387 516 3443 Dederat
527 3407 576 3441 eu·
619 3383 708 3440 Unum
718 3403 823 3440 morum
832 3397 885 3452 est,
898 3383 1011 3436 alterum
1023 3403 1118 3456 corpo·

70 3479 128 3516 tem
139 3465 282 3518 consilium
291 3467 413 3538 Ulysses,
426 3481 456 3520 ut
465 3471 576 3523 unicum
619 3469 702 3540 poris.
713 3465 836 3518 Tibullus
844 3465 894 3528 111,
907 3463 932 3514 6.
949 3464 1069 3531 uQuales
1076 3466 1117 3519 his

70 3545 113 3598 illi
132 3544 243 3598 ceulam
261 3561 443 3600 excaecarent:
462 3548 509 3602 sed
525 3549 576 3602 boe
619 3563 727 3618 poenas,
746 3544 834 3615 qualis
848 3553 1017 3613 quamusqne
1033 3545 1118 3598 mine-

70 3623 334 3696 pericdosumiuit,
347 3627 577 3697 quamvisdcrmi-
619 3639 671 3679 tur.
687 3647 700 3673 n
722 3623 802 3692 Quod
821 3621 906 3674 Greci
927 3621 1041 3676 feliciter
1063 3639 1118 3680 nnc

66 3717 114 3758 ret
123 3704 258 3774 sepultus:
269 3723 334 3777 erge
343 3707 446 3777 precati
456 3719 518 3758 sunt
527 3725 576 3759 nu·
619 3705 702 3758 verbo
709 3701 784 3758 illm
792 3701 899 3766 dicunt,
909 3697 961 3753 hoo
968 3699 1118 3760 Lairmen-

69 3785 156 3836 nina,
166 3783 201 3834 Fet
214 3786 342 3854 veniam
353 3803 408 3836 nun
419 3785 491 3837 idem
503 3789 576 3857 peri-
619 3786 706 3838 monis
722 3793 824 3855 egestas
837 3781 914 3846 dicit,
931 3781 1016 3854 quatu
1031 3802 1117 3857 quan.

70 3863 166 3918 culum
180 3871 239 3914 erat
254 3865 393 3930 omnibus,
409 3865 497 3917 variar
513 3883 575 3930 ccr-
622 3859 933 3936 tusqneduebusverbir.
943 3861 1119 3939 Scalipffloly·

72 3943 150 4013 poris
160 3954 252 4013 partes
264 3943 431 4012 tenentibus,
447 3961 493 3998 eas
509 3945 578 4000 inter
622 3943 714 4017 plsami
734 3939 854 3993 fabulam
873 3945 984 3994 narrant
1004 3937 1117 4000 'l'lreocn

73 4039 101 4072 se
113 4023 205 4074 aonia
218 4035 289 4074 sunt.
306 4024 402 4076 Donat.
623 4019 1088 4096 1d511.x1,erovid.reeum.xtv.

907 4107 947 4161 rt.
