2644 4614
288 332 340 399 nv
364 333 598 402 nuutnos
622 337 713 400 tro.
739 336 825 400 vn.
1010 338 1069 416 m

47 451 173 529 ltaliam,
189 467 222 514 ut
236 455 319 516 credi
334 470 450 538 potest,
465 455 638 538 remeabat:
654 479 689 520 ac
704 472 771 518 tum
786 457 826 518 ub
839 455 987 538 Pachyno
1001 477 1075 538 pro·

46 543 195 602 montorio
209 535 320 604 Siciliae
335 547 460 604 AEneam
475 542 556 630 vidit¹
571 543 678 604 laetum
690 543 755 625 jam
773 566 808 604 ex
823 545 955 628 appulsu
969 546 1001 607 in
1016 545 1075 604 lta·

45 625 127 705 liam,
148 629 347 713 classemque*
363 635 446 692 intra
467 646 594 714 portum
615 647 777 714 receptam.
797 635 842 694 De
861 631 919 694 hac
938 631 1075 692 mirabili

45 721 188 800 peripetia
202 722 273 782 vide
285 734 393 782 notam
407 723 478 798 286,
492 736 566 782 tom
582 723 640 798 ΙΙΙ,
655 745 684 804 p.
702 723 768 802 285.

83 828 144 888 292.
160 807 246 870 Vidit
259 824 407 894 praeterea
418 815 542 884 AEneam
550 810 614 893 jam
626 810 811 888 fundantem
823 831 923 886 arces,
935 809 1077 886 attollen-

43 907 100 956 tem
110 910 198 972 tecta,
211 921 309 982 quum
320 900 448 962 classem
460 901 636 982 reliquisset
645 902 678 959 in
689 915 783 982 portu
795 923 802 960 ε
818 921 853 963 ac
863 914 931 960 tum
942 901 1075 974 acriore,

43 1007 132 1066 quarn
146 987 229 1050 credi
243 1003 362 1072 potest,
381 989 499 1051 doloris
511 991 640 1052 vulnere
652 990 814 1062 transfixa,
832 989 962 1070 gradum
976 989 1086 1048 conti-¹

41 1075 116 1148 nuit,
126 1087 155 1134 et
164 1093 321 1140 commoto
332 1081 446 1161 saepius
456 1082 555 1162 capite
565 1078 669 1140 locutu
682 1093 727 1140 est
736 1076 987 1158 indignabunde:
997 1073 1078 1134 illud

32 1163 122 1244 fidere
134 1179 211 1228 terroe
221 1168 357 1252 explico,
372 1192 437 1232 non
450 1193 480 1232 se
492 1185 648 1254 gerentem
661 1187 697 1232 ut
708 1170 879 1252 hospitem,
891 1167 943 1229 sed
955 1185 1078 1226 versan-

42 1269 102 1312 tem
117 1257 160 1314 uti
175 1259 209 1318 in
221 1271 301 1320 terra
312 1264 456 1343 propria,
471 1283 532 1343 qua
547 1261 692 1322 videlicet
706 1258 820 1320 fiducia
835 1279 900 1318 esse
915 1258 986 1338 quis
997 1257 1078 1314 inter

39 1362 109 1425 suos
121 1359 237 1424 potest:
252 1345 331 1408 illud
341 1349 446 1431 effudit
454 1365 545 1410 notat
557 1339 700 1410 habiturn
711 1345 884 1408 effutientis
895 1345 1002 1404 omnia
1014 1363 1077 1424 prae

37 1431 209 1508 iracundia,
223 1438 313 1516 quasi
328 1436 408 1496 nihil
424 1439 602 1513 retinuerit,
615 1439 667 1500 sed
684 1437 789 1500 omnia
804 1435 934 1492 dixerit:
950 1427 1077 1492 named

37 1519 119 1600 quod
135 1533 256 1603 tempus
271 1517 368 1606 magis
384 1539 490 1606 aptum
504 1540 639 1584 servaret
652 1521 845 1582 iracundiam
858 1518 960 1580 luno?

76 1611 140 1687 293.
160 1611 273 1694 Incipit
291 1634 307 1671 a
325 1629 523 1695 contemptu,
544 1616 731 1694 lteu'stirpem
749 1614 893 1673 invisam:
914 1612 992 1670 mire
1007 1607 1076 1682 heu,

36 1700 125 1777 quasi
138 1720 244 1759 vocem
256 1701 389 1780 gemitus
401 1703 617 1780 anteverterit,
633 1701 718 1784 quod
734 1703 858 1779 signum
874 1712 921 1758 est
934 1697 1077 1757 altissimi

35 1785 167 1863 doloris,
181 1791 225 1848 ait
235 1792 392 1871 Donatus.
400 1793 503 1871 Pergit
518 1793 557 1850 ab
573 1790 758 1869 indignitate
770 1791 829 1864 rei,
842 1790 917 1872 fotis
930 1787 1077 1848 contraria

34 1879 136 1935 nostris
150 1881 230 1956 'Fata
248 1877 409 1962 Phrygum.
431 1881 486 1937 Est
504 1880 620 1960 quippe
640 1878 807 1959 indignum
824 1879 891 1938 fata
911 1877 1077 1937 hominum

33 1963 150 2042 directe
162 1970 280 2048 opponi
295 1967 366 2028 fatis
378 1971 532 2042 Deorum,
545 1983 575 2030 et
587 1967 640 2028 illa
653 1967 702 2028 his
715 1967 887 2028 adversari:
901 1970 1000 2028 immo
1009 1966 1076 2028 haec

33 2052 71 2110 ab
87 2052 151 2112 illis
165 2059 317 2138 superari,
339 2058 423 2138 quod
441 2058 578 2118 ostendit
594 2079 649 2139 per
662 2057 869 2140 ecphonesin:
891 2080 965 2120 nam
978 2059 1077 2141 capti,

32 2160 213 2218 evaserunt3
233 2146 325 2228 Troje
340 2150 477 2221 incensa,
499 2169 564 2208 non
578 2161 650 2207 sunt
661 2151 807 2208 cremati:
830 2169 932 2229 neque
943 2148 1076 2223 ferrum,

31 2253 133 2312 neque
144 2235 226 2314 ignis
238 2233 357 2317 aliquid
369 2237 570 2318 proluerunt3
587 2258 660 2296 narn
671 2235 871 2318 pericuum,
884 2250 914 2296 et
925 2259 981 2318 per
990 2238 1076 2320 ignes

29 2323 219 2384 invenerunt
238 2327 335 2400 viam,
356 2347 421 2386 nou
439 2327 567 2406 fugam:
587 2328 693 2407 itaque
710 2331 869 2386 recessisse
888 2349 906 2386 a
921 2325 1013 2407 Troja
1029 2328 1076 2384 vi-

29 2409 147 2472 dentur
161 2413 281 2492 potius,
294 2435 388 2492 quam
400 2414 525 2495 fugisse.
546 2416 705 2474 Convertit
720 2413 833 2474 deinde
847 2435 1022 2476 sermonem
1037 2414 1076 2474 ad

27 2520 58 2558 se
72 2520 131 2581 per
143 2500 287 2560 ironiam.
301 2503 415 2562 Putant
426 2524 475 2562 me
488 2502 622 2564 fessam?
634 2519 745 2584 putent
756 2503 837 2562 odiis
850 2501 1075 2566 exsaturatam?

26 2609 94 2646 non
109 2589 154 2648 sic
166 2603 229 2650 est:
246 2611 376 2672 exsurgo
392 2593 424 2650 in
440 2594 626 2668 advenires,
640 2595 672 2652 in
687 2613 771 2652 nova
786 2591 869 2662 odia.

69 2697 139 2756 299.
153 2678 356 2739 Enumeravit
366 2679 505 2761 primum
517 2678 694 2760 periculum
707 2677 797 2754 belli,
812 2679 898 2760 quod
912 2693 1075 2740 evaserunt

24 2763 157 2842 Trojani
170 2787 177 2822 :
190 2767 291 2846 pergit
304 2765 343 2826 ad
358 2767 489 2828 alterum
502 2770 608 2828 marie.
626 2770 768 2843 Dixerat,
787 2771 918 2828 invenere
936 2771 1012 2836 uiam
1026 2789 1078 2849 per

24 2855 118 2925 acies,
137 2875 190 2934 per
201 2858 297 2936 iqua,-
317 2858 446 2938 corrigit
457 2855 534 2916 hoe:
551 2879 615 2918 non
628 2859 774 2932 invenere
787 2858 847 2938 ipsi
862 2858 960 2928 viam,
976 2857 1074 2916 immo

24 2963 86 3022 ego
97 2941 173 3002 illos
183 2947 301 3006 excussi
311 2949 426 3028 patria,
437 2968 472 3007 ac
482 2946 539 3008 ieci
550 2945 701 3029 profugos
711 2970 718 3020 3
731 2961 761 3006 et
769 2967 909 3006 excussos
920 2965 995 3004 ausa
1006 2965 1074 3004 sum

22 3031 115 3111 sequi
131 3052 188 3111 per
201 3033 301 3093 undas
318 3055 424 3094 omnes
442 3033 652 3096 infestissima.
672 3036 768 3108 Ausa,
789 3035 862 3115 quia
875 3047 984 3094 contra
995 3032 1074 3106 fata,

22 3132 54 3178 et
64 3121 142 3200 quia
154 3116 187 3179 in
198 3141 293 3202 regna
303 3144 368 3184 non
378 3143 454 3184 meae
464 3123 610 3200 ditionis,
621 3126 671 3188 sed
683 3126 819 3206 Neptuni
829 3147 835 3182 ε
849 3138 981 3204 utraque
991 3125 1074 3181 enim

20 3227 145 3288 magna
163 3223 209 3270 est
227 3211 373 3288 audacia3
393 3225 424 3274 et
440 3235 504 3273 non
521 3229 586 3275 tam
602 3216 665 3275 illis
683 3228 897 3296 tempestates,
916 3235 1010 3295 quam
1025 3233 1073 3271 me

58 3403 123 3473 ²93·
136 3405 198 3456 Heu
209 3408 321 3480 stirpem.
335 3409 428 3462 Oratio
439 3411 530 3483 pathe·
583 3466 585 3472 ,
611 3413 669 3481 295.
694 3413 769 3484 Copti
785 3421 892 3482 potuere
910 3407 986 3478 copti.
1007 3407 1073 3458 Cum

18 3483 93 3534 tica:
117 3486 195 3554 cujus
212 3487 316 3538 initium
334 3489 368 3540 ab
385 3490 530 3562 ecphonesi
573 3491 636 3544 felle
646 3490 747 3542 dictum
758 3503 812 3542 est:
825 3508 886 3540 nam
896 3489 918 3538 si
927 3486 979 3538 hoc
987 3506 1073 3538 remo·

18 3561 175 3634 abruptum
192 3577 248 3616 est:
266 3584 353 3636 neque
369 3559 449 3622 etiam
466 3589 530 3624 eon·
573 3588 649 3634 veas,
663 3572 712 3622 erit
726 3587 889 3642 oxymorum.
903 3568 974 3618 Dicit
985 3579 1073 3618 autern

16 3644 95 3694 venit
107 3642 279 3714 indignantes
288 3645 385 3697 leniter
392 3649 510 3720 incipere
521 3672 527 3700 z
574 3651 677 3716 omnia,
696 3667 754 3720 quae
767 3649 948 3719 contigerunt,
968 3665 1022 3697 nou
1035 3647 1074 3696 vi-

15 3732 78 3772 tota
85 3723 164 3773 enim
173 3725 264 3774 stricta
272 3727 463 3778 sententiarum
470 3728 530 3781 bre.
573 3727 631 3781 defi
649 3730 807 3800 contigisse,
827 3729 888 3798 quia
906 3744 961 3778 non
981 3726 1075 3778 obfue.

14 3801 120 3866 vitate‚
140 3802 295 3872 crebrisque
313 3801 457 3874 figurarum
474 3825 529 3858 mu·
572 3819 643 3860 runt.
657 3808 731 3879 Capti
739 3820 827 3880 autem
837 3806 896 3876 capi
906 3806 943 3857 sic
954 3803 1073 3869 dixit‚ut
1119 3859 1122 3862 ,

14 3879 188 3945 canonibus,
204 3881 277 3932 velut
295 3883 364 3934 iuter
383 3897 460 3935 estus
479 3887 529 3936 ira·
573 3886 680 3952 Cicero,
701 3890 756 3938 «Ut
776 3889 803 3937 in
824 3887 958 3938 uben—ima
979 3883 1072 3937 sicilia»

14 3960 138 4025 condite,
146 3959 523 4017 fluctuatvideaturlllacrob.
571 3980 658 4037 parte,
665 3967 781 4018 Siciliam
790 3983 975 4040 quereremus,
986 3966 1071 4018 ,3,-

14 4039 59 4102 We
76 4057 102 4091 ²·
120 4039 235 4090 Taulm·
569 4043 1068 4118 HorretdesumptumexEnnio‚An.X.
