2646 4606
230 397 293 476 426
557 393 936 457 COMMENTARIA

227 515 363 598 amplius
372 535 436 577 usae
445 515 531 592 volis,
542 515 651 576 luctari
662 517 765 591 remis,
774 529 804 575 et
812 513 956 576 laborare
967 529 1147 598 coeperunt,
1156 521 1265 600 quippe

227 605 406 689 postulante
418 605 478 664 lroc
494 607 589 664 maris
603 603 735 664 lentitie.

267 713 315 772 29.
328 695 514 774 Priusquam
525 695 633 754 AEneas
643 693 681 752 ad
694 705 820 774 portum
833 693 1016 774 appelleret,
1031 695 1142 756 lucum
1153 697 1268 776 prospi-

228 783 271 840 cit
290 783 551 858 amoenissimum,
573 801 666 864 quem
683 783 813 864 Tyberis
833 781 1034 844 interfluebat
1052 805 1223 866 erumpens
1241 785 1267 844 iu

228 889 331 928 mare:
345 869 480 929 celebrat
491 870 623 930 fluvium
634 891 670 931 ex
682 872 861 952 rapiditate,
873 893 933 952 qua
945 868 1025 947 ibat3
1036 893 1073 931 ex
1083 871 1204 932 flavitie
1214 891 1269 930 are·

226 979 340 1018 narum
355 981 465 1034 aurea;
487 981 524 1020 ex
541 981 658 1021 canoro
676 961 781 1020 avium
798 964 929 1043 garritu,
951 983 1019 1042 quae
1037 983 1134 1044 supra
1152 983 1267 1022 amnem

227 1049 311 1106 inter
322 1045 471 1108 arborum
482 1049 610 1110 frondes
625 1049 803 1110 dulcissime
816 1047 1075 1126 modulabantur,
1089 1051 1267 1110 suavissimo

226 1135 408 1216 linguarum
423 1153 574 1198 concentu
587 1137 777 1220 complentes
790 1159 907 1213 aerem,
922 1139 1025 1198 verius
1039 1139 1227 1198 mulcentes.

268 1222 317 1283 35.
331 1223 427 1284 lubet
440 1226 546 1306 itaque
559 1228 667 1286 AEneas
682 1225 810 1286 classem
825 1225 863 1284 ad
876 1227 993 1288 ostium
1008 1225 1153 1286 fluminis
1169 1223 1269 1307 appel-

229 1309 307 1386 lere,
320 1313 474 1392 opacitate
486 1313 555 1389 illa,
568 1327 598 1374 ct
610 1315 721 1374 umbra
734 1313 868 1374 nemoris
882 1315 1042 1374 invitatus.

270 1399 318 1480 37.
332 1399 407 1458 Vult
420 1401 565 1482 expedire
581 1405 671 1462 initio
684 1405 893 1484 posteriorum
908 1423 958 1461 sex
970 1399 1148 1476 librorum,
1164 1413 1271 1460 statum

230 1489 263 1545 in
276 1507 338 1568 quo
352 1503 442 1550 erant
455 1511 503 1550 res
517 1491 614 1554 ltaliae
628 1513 664 1552 eo
678 1506 832 1576 tempore,
852 1513 915 1573 quo
929 1491 1068 1571 Trojana
1081 1491 1190 1552 classis
1205 1489 1271 1549 illuc

232 1577 372 1657 appulit:
395 1579 434 1640 ad
451 1603 546 1662 quam
560 1603 626 1642 rem
637 1583 760 1642 Musam
775 1584 910 1643 invocat.
925 1583 1004 1642 Sunt
1018 1600 1119 1644 rerum
1136 1595 1270 1661 temporo,

231 1663 418 1746 explicatore
431 1671 540 1729 eodem
552 1685 658 1752 poeta,
670 1685 759 1731 status
770 1692 874 1730 rerum.

269 1751 318 1827 [μ.
331 1757 465 1819 Tametsi
475 1779 582 1818 verum
593 1762 631 1820 sit
643 1762 676 1819 in
688 1759 846 1842 prioribus
857 1780 909 1818 sex
918 1757 1009 1828 libris
1019 1759 1170 1820 AEncidos
1181 1754 1271 1816 multa

231 1841 361 1921 scripta,
377 1863 446 1925 quae
459 1849 615 1927 pertinent
629 1847 668 1907 ad
681 1847 817 1924 bellum,
836 1861 865 1906 et
878 1849 1024 1928 inprimis
1037 1845 1160 1906 librum
1173 1864 1272 1904 secun-

232 1924 308 1986 dum
324 1929 362 1990 de
379 1949 553 2014 expugnata
568 1935 676 2016 Troja3
694 1934 901 1995 nihilominus
917 1949 1036 1996 certum
1052 1949 1102 1994 est
1116 1933 1270 1992 materiam

232 2035 391 2078 armorum
406 2037 590 2083 reservatam
602 2045 665 2084 esse
675 2023 714 2083 ad
726 2043 777 2084 sex
787 2025 862 2084 istos
873 2025 1062 2106 posteriores
1072 2021 1173 2080 libros
1183 2019 1272 2078 AEnei-

232 2103 300 2165 dos.
319 2108 395 2168 Inde
414 2114 565 2193 proponit
582 2133 613 2174 se
632 2127 830 2174 cantaturum
852 2111 951 2186 bella3
972 2113 1069 2186 acies;
1089 2113 1212 2190 Regum
1235 2105 1272 2164 fu-

232 2215 325 2270 nera5
348 2201 499 2262 maximos
514 2205 665 2274 exercitus
680 2219 822 2280 coactos,
843 2201 968 2272 ltaliam
982 2215 1085 2261 totam
1100 2199 1272 2280 conspiran-

268 2344 312 2394 28.
328 2345 426 2398 Tonsoe.
444 2347 510 2400 Sunt
524 2349 569 2400 hic
586 2350 665 2416 remi,
681 2361 728 2400 aut
773 2345 974 2419 111‚pag.356;
989 2344 1062 2398 etde
1074 2323 1202 2396 locoinm
1215 2342 1271 2402 situ,

233 2425 323 2492 potius
333 2427 391 2478 imae
404 2446 537 2480 remorum
549 2443 652 2500 partes,
663 2447 730 2500 quas
775 2426 834 2478 ilud.
845 2445 907 2498 pag.
922 2425 989 2490 361,
1002 2425 1138 2476 Excursus
1151 2423 1250 2474 tertius.

232 2517 330 2556 vocant
340 2505 487 2576 palmulas:
500 2508 625 2562 dicuntur
634 2523 730 2572 tonsae,

233 2601 288 2632 non
308 2603 324 2634 a
340 2585 481 2638 tondendis
498 2587 635 2655 lluctibus,
656 2591 732 2659 quasi

232 2661 299 2726 illis,
310 2676 339 2714 ut
351 2665 436 2732 ferro,
450 2666 625 2733 tondeantur,
636 2687 730 2739 quam-

234 2743 273 2792 vis
285 2741 337 2795 hoc
352 2757 378 2796 et
391 2747 510 2812 Servius,
525 2760 552 2800 et
563 2749 668 2811 Festus;
684 2745 731 2800 sed

234 2823 322 2874 verius
333 2843 348 2875 a
358 2825 500 2878 tundendis
510 2825 647 2895 fluctibus,
658 2825 731 2898 quod

234 2917 275 2955 cst
287 2907 372 2976 aptius
383 2905 417 2957 ad
429 2919 550 2958 naturam
561 2909 635 2958 remi.
646 2907 731 2958 Graeci

234 2995 279 3034 aut
288 2981 382 3046 unirer,
396 2998 442 3036 aut
451 2981 554 3054 ipsrpodc
563 2998 673 3047 vocant;
684 2987 732 3056 Ly-

235 3063 355 3140 cophron
368 3063 469 3119 milae.
482 3063 567 3115 Probe
578 3065 668 3134 itaque
679 3064 733 3115 luc·

236 3153 325 3206 tantur
343 3155 433 3208 tonsoe,
454 3155 565 3214 apparet
585 3145 654 3194 enim
675 3157 732 3194 tan·

236 3241 316 3292 quam
329 3223 406 3276 luctas
424 3221 594 3274 simulacrum
610 3223 679 3273 inter
693 3236 734 3274 re·

234 3319 292 3353 mos
308 3315 333 3355 et
346 3323 451 3375 aquam.

272 3399 313 3450 29.
324 3384 410 3456 Atque
419 3383 460 3434 lu‘c
473 3385 576 3434 AEneas.
591 3382 633 3433 Sic
644 3383 732 3435 autem

236 3461 310 3514 laetus
318 3464 461 3514 fuitAEneae
470 3461 637 3514 adventantis
645 3465 672 3514 in
680 3463 733 3512 lta-

237 3542 300 3605 liam
316 3543 464 3612 ingressus,
482 3555 513 3592 ut
529 3542 660 3593 elementa
674 3543 733 3610 ipsa

239 3619 364 3688 obsequi,
375 3633 401 3674 et
409 3639 469 3672 aves
477 3621 605 3692 gratulari
612 3619 732 3671 videren-

238 3715 289 3752 tur.
302 3701 397 3764 Donot.
410 3731 443 3740 —
453 3701 552 3752 Lucum
560 3699 690 3771 prospicit.
703 3701 733 3750 ln

238 3797 292 3850 quo
305 3793 362 3831 erat
371 3781 486 3832 fluminis
496 3799 608 3834 nomen:
621 3779 733 3830 diximus

237 3861 307 3912 enim
317 3877 461 3930 numquam
472 3864 527 3912 sine
538 3861 665 3932 religione
676 3877 732 3912 esse

238 3939 328 3988 lucum
339 3955 353 3986 a
366 3937 474 4007 Virgilio
485 3943 609 4010 positum.
623 3941 691 3992 Serv.
701 3969 734 3982 -

239 4017 279 4066 De
293 4033 400 4066 accessu
414 4017 500 4067 AEneae
516 4017 549 4068 ad
564 4017 678 4084 ltaliam,
693 4022 734 4070 ri-

241 4093 343 4144 dendus
353 4091 526 4146 cstExcursus
534 4095 733 4162 secundus,vol.

810 2507 853 2576 37·
864 2509 943 2560 Nunc
953 2525 1010 2578 ape.
1024 2506 1074 2556 llic
1090 2517 1132 2556 est
1146 2502 1272 2574 sequentis

777 2589 865 2658 operis
880 2589 1001 2640 initium:
1018 2583 1158 2638 antedicta
1171 2585 1272 2636 enimet

777 2669 958 2738 superioribus
982 2663 1114 2736 pendent.
1137 2694 1176 2704 —
1194 2665 1271 2716 Erato.

775 2747 824 2798 Vel
843 2765 892 2818 pro
912 2745 1049 2816 Calliope,
1067 2743 1111 2794 vel
1129 2763 1184 2814 pro
1199 2741 1274 2814 quali·

776 2845 881 2897 cunque
889 2825 967 2876 Musa
974 2825 1074 2895 posuit.
1083 2823 1157 2874 Serv.
1167 2851 1203 2861 -
1212 2821 1274 2871 Tem·

774 2925 839 2978 pora
851 2923 943 2958 rerum.
956 2905 1028 2971 Quia
1037 2916 1182 2972 tempora,
1192 2903 1241 2952 nisi
1249 2918 1272 2950 er

777 2985 1032 3055 rebuscolligantur,
1038 2999 1124 3052 perse
1130 2981 1271 3032 nullasunt.

776 3064 881 3116 Lucret.
894 3063 940 3114 lib.
956 3065 983 3114 l:
1000 3063 1142 3132 «Tempus
1159 3063 1223 3111 item
1236 3077 1272 3129 per

777 3161 805 3196 se
813 3160 866 3196 nou
876 3155 929 3196 est:
944 3141 992 3194 sed
1001 3140 1083 3199 rebus
1093 3140 1129 3192 ab
1137 3141 1207 3210 ipsis
1216 3141 1273 3192 Con·

777 3227 897 3295 sequitur
909 3238 1015 3285 semna,
1032 3233 1204 3271 transactum
1221 3215 1274 3289 quid

778 3307 812 3355 sit
828 3307 855 3355 in
873 3321 945 3354 evo:
963 3303 1033 3352 Tum
1051 3318 1112 3371 quac
1130 3319 1175 3351 res
1193 3303 1273 3358 instet;

778 3383 843 3454 quid
855 3401 936 3454 porro
950 3380 1049 3433 deinde
1063 3393 1229 3450 sequatur.»

780 3465 783 3472 ’
813 3463 855 3530 42.
865 3461 941 3513 Artos
951 3461 1085 3531 iufunera
1097 3479 1177 3532 repes.
1189 3463 1218 3511 lu
1227 3477 1273 3520 sua,

777 3553 831 3594 ¹nou
843 3543 871 3593 in
882 3540 1064 3609 Trojanorum
1074 3539 1192 3590 lunera:
1204 3555 1273 3608 quun

778 3623 848 3673 enim
862 3621 954 3671 animis
969 3619 1113 3669 ferocitate
1131 3617 1274 3688 exagitatis,

778 3703 806 3752 in
821 3699 937 3751 alienum
951 3698 1061 3749 exitium
1076 3709 1207 3761 ruerent,
1220 3696 1274 3765 ipsi,

778 3779 900 3847 Trojanis
909 3797 923 3829 e
932 3775 1037 3827 diverso
1048 3777 1235 3840 certantibus,
1244 3790 1275 3823 cc»

781 3859 910 3911 ciderunt.
923 3857 1020 3907 Donat.
1029 3886 1064 3894 -
1073 3851 1115 3906 De
1125 3857 1226 3907 veteris
1234 3857 1275 3904 lta-

780 3939 821 3991 liae
834 3935 994 4008 originibus,
1010 3935 1044 3986 de
1054 3936 1182 4007 llepibus,
1197 3936 1276 4004 depo·

780 4019 850 4090 pulis
857 4015 1051 4086 {religionibus
1060 4027 1087 4066 et
1096 4015 1214 4080 fabulis,
1225 4031 1277 4084 ope

782 4117 816 4150 rae
828 4099 943 4170 pretium
954 4107 994 4150 est
1004 4093 1080 4149 adire
1091 4107 1119 4147 et
1130 4096 1277 4165 persolvere.
