2692 4594
320 298 372 364 m
397 295 630 362 nnnrnos
654 298 747 364 me.
773 301 821 365 11.
1029 311 1088 401 159

89 420 159 503 768.
171 417 411 480 Afferamverlra
421 416 565 498 Scaligeri
573 415 792 500 explicantiset
800 423 1091 503 expendentis.hunc

9 565 13 574 ,
52 501 176 566 locum:
192 519 253 566 cut
262 505 403 588 profecto
414 527 463 566 me
477 504 591 566 horror
604 507 726 586 capiat,
740 519 833 590 atque
847 513 940 571 etiam
957 520 1091 596 quatiat,

53 594 107 655 uhi
119 595 226 656 videre
241 609 335 677 atque
345 593 453 654 audire
467 593 575 652 videor
585 593 618 650 in
633 606 738 668 nocte,
753 595 833 654 inter
846 595 964 677 hostes,
975 601 1092 664 fortem

51 685 144 747 simul
157 700 253 768 atque
259 688 351 767 pium
361 686 481 760 virum,
494 684 589 744 etiam
598 681 734 743 clamore
744 683 954 750 charissimam
963 713 1093 755 uxorem

53 787 205 856 quaerere3
221 775 291 836 talis
303 775 356 836 ille
370 777 443 836 suis.
455 800 468 832 r
485 777 572 835 Poet.
587 773 645 848 lll,
657 793 725 855 cap.
744 796 788 834 rr.

91 887 162 948 771.
174 868 247 952 Non
259 880 324 926 tam
336 866 508 948 quaerebat,
528 885 623 945 quam
636 863 759 932 furebat
772 887 836 948 prae
848 869 971 946 dolore,
990 885 1020 933 et
1032 877 1094 936 sinc

47 957 118 1037 fine.
131 955 294 1038 Ergojam
306 957 421 1018 furenti
432 950 556 1016 homini
568 953 770 1014 simulacrum
781 961 925 1039 apparuit
934 973 964 1020 et
973 964 1095 1028 Creusae

54 1042 184 1120 umbra,
203 1057 297 1124 atque
311 1045 415 1124 imago
428 1042 571 1124 quaedam
586 1056 732 1124 augusta,
750 1055 780 1102 et
793 1042 893 1124 major
904 1068 999 1128 quarn
1013 1071 1095 1111 mor.

53 1128 124 1190 talis
138 1130 296 1190 foemvinae:
312 1151 377 1190 non
392 1128 503 1190 incidit
517 1141 608 1211 poeta
621 1130 655 1188 in
668 1129 781 1190 vitium
791 1139 968 1212 ταυτολογίαῆ
989 1139 1094 1198 inser.

53 1237 147 1277 mone
155 1221 240 1277 enim
249 1230 447 1279 mortuorum
457 1215 608 1276 dissident
618 1215 832 1292 simulacrum,
841 1217 969 1297 umbra,
979 1224 1094 1307 imago.

91 1309 162 1390 774.
176 1309 280 1367 AEneae
292 1319 401 1389 stupor
412 1307 451 1366 ad
463 1304 522 1366 hoc
531 1308 634 1367 visum
646 1328 652 1364 :
663 1308 799 1388 stuporis
808 1306 922 1390 duplex
932 1325 1021 1372 nota:
1033 1317 1095 1397 pri-

55 1416 120 1470 ma,
138 1407 392 1456 comoesteterunt:
408 1394 517 1468 altera,
533 1391 733 1477 ooxfaucr‘bus
745 1395 841 1455 hesit:
854 1396 908 1456 sed
920 1409 1094 1482 stupentem

55 1484 157 1543 virum
172 1480 286 1563 conjux
297 1482 390 1558 lenit,
403 1482 505 1542 verbis
520 1483 627 1544 amicis
643 1501 735 1542 curas
750 1503 906 1544 amovens.

95 1573 164 1652 778
185 1570 296 1630 Aditus
317 1572 469 1630 sermonis
490 1571 630 1630 continet
650 1589 714 1629 una
732 1589 806 1630 cum
823 1591 964 1635 sermone
982 1581 1096 1640 amoris

56 1672 185 1718 notam:
201 1659 246 1719 ait
258 1658 356 1734 enim,
374 1655 468 1718 dulcis
483 1653 604 1739 conjux,
624 1658 743 1718 insanus
757 1655 856 1719 labor:
872 1673 919 1722 est
929 1684 1003 1724 vero
1016 1665 1099 1728 labor

59 1751 195 1823 ιἠςαηαες
205 1747 256 1808 vel
268 1768 415 1829 magnus3
426 1746 476 1807 vel
491 1767 561 1808 vere
573 1748 713 1822 insanus3
724 1769 798 1808 nam
810 1770 903 1832 supra
913 1755 1098 1840 sine'flnefir-

58 1839 140 1897 renti.
155 1838 260 1918 Pergit
271 1838 403 1914 Creusa,
418 1849 448 1896 et
461 1835 577 1896 factum
593 1836 626 1894 in
639 1835 722 1896 Deos
736 1834 877 1917 conjicit,
891 1861 953 1900 non
965 1841 1026 1905 lroee
1036 1847 1098 1906 sine

58 1925 179 1984 numine
190 1923 299 1984 Divum
310 1925 472 1996 Eveniunt,
485 1936 520 1983 ut
531 1921 653 1982 desinet
663 1943 792 1983 moerere
803 1926 926 2002 AEneas,
939 1931 994 2010 qui
1006 1944 1098 2013 puta·
1126 1933 1127 1938 ’

58 2027 144 2074 verat
158 2033 215 2073 sua
229 2011 358 2074 fortasse
372 2012 463 2095 culpa
478 2011 614 2082 ablatam
628 2011 803 2094 conjugem.
820 2015 893 2074 Post
906 2021 1099 2081 mentionem

58 2104 197 2163 Deorum
218 2102 250 2160 in
273 2103 449 2178 communi,
469 2102 620 2183 signatius
641 2103 673 2160 in
692 2103 802 2160 Jovem
819 2100 938 2163 factum
958 2105 1099 2188 conjicit:

60 2189 154 2250 Haud
164 2187 216 2250 itte
227 2192 298 2250 sinit
308 2192 402 2272 superi
415 2203 552 2272 reqnator
564 2188 684 2271 Olympi
688 2210 700 2259 ‚·
715 2201 745 2248 et
757 2191 839 2263 sinit,
859 2191 916 2266 ait,
935 2211 1008 2253 cum
1021 2195 1100 2256 allu-

60 2279 149 2338 sione
162 2277 202 2338 ad
216 2279 361 2358 auguria,
375 2273 556 2336 autominass
886 2305 889 2314 f

99 2368 169 2448 780.
184 2365 328 2425 Praedicit
343 2363 470 2444 conjugi
485 2363 605 2422 futuras
621 2363 756 2444 primum
772 2363 975 2444 calamitates,
990 2368 1100 2432 deinde

60 2451 242 2512 felicitates:
259 2451 449 2513 calamitates
465 2463 537 2510 sunt
552 2449 673 2526 exsilia,
690 2464 720 2510 et
735 2463 893 2512 vastorum
909 2459 1101 2520 transmissio

61 2561 239 2621 equorum,
260 2537 375 2622 quibus
396 2539 435 2599 ad
454 2537 576 2599 ltaliam
593 2538 765 2620 perveniet,
786 2535 816 2598 et
836 2540 956 2621 signate
973 2543 1013 2602 ad
1033 2565 1103 2605 eam

62 2644 184 2712 partem
198 2629 309 2705 ltalia,
327 2627 382 2688 ubi
398 2642 444 2688 est
456 2624 593 2710 Tyberis.
613 2625 785 2686 Felicitates
800 2641 886 2702 sunt,
905 2650 947 2688 res
962 2629 1046 2706 laetoe,
1069 2632 1103 2691 id

63 2733 121 2794 est,
139 2738 189 2778 res
201 2717 351 2800 praeclare
364 2737 399 2777 ac
415 2715 546 2776 feliciter
558 2713 642 2774 bello
657 2714 799 2794 gerendae
813 2715 846 2772 in
860 2715 964 2789 ltalia3
984 2738 1105 2798 reqnum

64 2805 111 2866 ibi
121 2806 386 2890 comperandum
398 2801 506 2888 conjux
516 2804 639 2864 Lavinia
649 2822 686 2860 ex
695 2803 779 2883 regio
789 2820 910 2882 genere.
920 2803 992 2862 ldeo
1006 2803 1106 2864 absol·

64 2898 126 2972 vit,
142 2895 286 2980 lacrymas
299 2894 411 2956 dilectae
423 2893 499 2976 pelle
512 2895 631 2956 Creusae.
1054 2935 1055 2938 η

104 2983 174 3065 785.
187 2986 292 3045 Sermo
304 2996 389 3044 totus
400 2979 609 3064 emphaticas:
623 2997 692 3061 quae
701 2976 861 3053 Dardanis,
872 2997 943 3061 quea
951 3001 1041 3041 nunes
1052 2983 1083 3045 V
1079 3002 1107 3041 e-

66 3076 158 3148 neris,
168 3069 215 3134 r'lro
223 3075 357 3134 servitem
367 3067 617 3154 Myrmidonibus,
629 3065 809 3150 Dolopibus?
818 3087 883 3128 non
893 3089 950 3150 ego
961 3069 1107 3152 superbas

67 3162 204 3224 istorum
214 3163 294 3226 tedes
306 3165 465 3246 aspiciam.

106 3253 175 3335 788.
187 3253 316 3330 Quanto
328 3251 440 3312 melius
453 3269 575 3311 mecum
589 3249 706 3329 agitur,
724 3269 793 3330 quae
807 3269 871 3308 una
885 3269 955 3308 cum
969 3249 1107 3310 Deorum

66 3359 169 3405 matre
178 3342 292 3427 Cybele
301 3363 405 3405 versor
414 3344 448 3403 in
458 3338 630 3404 caelestibus
639 3339 731 3413 locis3
745 3338 949 3421 quamobrem
959 3351 993 3398 tu
1002 3339 1109 3404 AEneas

67 3546 148 3600 quam
157 3546 292 3582 excessere
300 3547 391 3582 omnes
400 3527 492 3601 adytis.
500 3529 567 3580 For·
611 3544 654 3579 sus
664 3528 691 3578 in
700 3526 835 3598 plerisque
847 3523 944 3577 dicitur
952 3542 1006 3577 non
1018 3526 1112 3584 fuisset

66 3623 138 3662 tasse
149 3607 191 3660 lrae
199 3620 274 3674 sunt,
285 3608 381 3679 quibus
393 3606 568 3660 oraculared·
648 3607 708 3674 783.
725 3607 894 3678 Reqnumque
900 3643 909 3670 ,
924 3615 950 3656 et
961 3607 1039 3679 repta.
1056 3605 1110 3658 Gur

67 3687 217 3753 dabantur,
231 3705 350 3760 quasque
362 3687 446 3739 Greci
457 3687 568 3756 eplaodec
614 3703 678 3758 ergo
689 3687 785 3738 AEneas
798 3684 895 3736 horum
908 3703 963 3737 non
974 3687 1110 3755 meminit,

68 3780 177 3821 vocant.
185 3766 263 3820 Certe
271 3769 489 3839 interpretesnon
498 3768 571 3840 igno-
616 3764 1111 3819 etconsiditinThraciaetaliisloeis?

69 3848 137 3901 biles
149 3848 262 3917 effrata
273 3859 379 3902 vertunt
389 3864 496 3898 mensas.
615 3845 684 3900 Serv.
699 3844 767 3898 Vide
781 3857 845 3896 tom.
860 3845 897 3912 11,
911 3862 972 3917 pag.
983 3844 1050 3912 350,
1062 3847 1112 3897 Ex-

106 3927 169 3998 775.
193 3929 262 3981 Tum
284 3930 319 3982 sic
338 3926 433 3996 adfari.
452 3922 571 3978 Infinitus
616 3943 723 3978 cursum
738 3925 804 3990 XV,
826 3926 871 3995 qui
891 3936 987 3977 tractat
1007 3923 1041 3982 de
1060 3923 1113 3975 hae

71 4007 169 4062 nodus
181 4026 232 4082 pro
244 4007 405 4077 indicativo,
421 4003 503 4060 ethic
514 4022 572 4057 ver·
615 4003 789 4076 praedictione
801 4003 921 4058 obseura.
