2700 4586
216 295 276 340 rao
545 265 926 334 COMMENTARIA

214 398 336 480 magnis
350 392 530 454 affectibus:
543 385 623 452 festis
635 389 831 452 celebrantur
842 391 882 450 ab
896 391 1029 464 miseris3
1042 403 1074 452 et
1085 391 1111 452 is
1122 389 1191 450 dies
1203 389 1262 451 ha-

212 485 304 544 betur
317 482 509 560 laetissimus,
522 481 575 560 qui
588 477 711 541 futurus
723 491 886 539 extremus.
1332 549 1333 552 Ἴ

254 570 321 631 250.
334 568 429 644 Vide,
441 569 554 650 siquid
566 569 686 636 tristius
696 568 758 628 dici
768 568 873 649 potnit
884 565 923 626 ad
935 567 1124 648 signandum
1136 565 1260 626 luctum

212 659 298 719 illius
309 672 450 718 extremae
460 659 562 718 noctis
573 680 580 716 z
594 657 734 738 syllabae,
747 676 909 732 numerus,
923 654 1032 731 verba,
1044 671 1075 716 et
1086 656 1259 716 verborum

213 735 378 826 dispositio
399 747 506 806 omnia
526 757 645 806 metum
669 743 820 820 afferunt,
842 759 873 805 et
896 745 1018 804 animos
1042 743 1258 804 contrahunt:

212 834 309 892 verbo
328 836 387 894 ruit
406 835 545 915 signatur
565 854 660 915 quam
679 854 814 915 praeceps
832 853 867 893 ex
886 835 1009 893 Oceano
1029 854 1090 892 nox
1110 845 1260 914 erumpat

212 921 247 982 in
258 920 465 1002 Trojanorum
481 924 649 1004 perniciem
660 945 667 980 ι
685 923 725 982 ad
737 921 819 998 haec,
835 919 1055 1004 monosyllaba
1065 944 1122 982 vox
1136 935 1261 981 servata
1333 937 1334 988 ξ

213 1011 253 1070 ad
274 1009 385 1092 tinem,
407 1013 482 1093 quid
500 1033 566 1073 non
583 1012 801 1077 meditandum
823 1011 992 1094 relinquit?
1010 1031 1081 1072 vere
1100 1009 1153 1072 bic
1173 1023 1261 1070 vates

215 1100 357 1186 omnium
371 1101 523 1182 princeps.

190 1261 197 1280 N
253 1187 321 1248 251.
342 1189 548 1250 Tristissimus
568 1193 711 1274 superior
728 1210 851 1264 versus,
871 1188 923 1248 hic
943 1187 1008 1270 jam
1031 1190 1169 1254 tristior:
1191 1207 1259 1248 non

212 1275 290 1354 satis¹
299 1280 453 1358 suppetit,
471 1280 525 1359 qui
541 1280 714 1362 expendam
729 1293 849 1340 tantam
862 1279 1039 1338 tristitiam:
1054 1279 1190 1338 tristitiae
1204 1277 1261 1338 ad·

212 1361 331 1424 duntur
342 1365 424 1442 doli3
438 1388 512 1427 nam
526 1367 586 1430 bos
598 1389 723 1452 quoque
737 1391 800 1430 nox
814 1367 962 1443 invoivit,
978 1391 1018 1430 ne
1033 1368 1110 1450 quid
1124 1367 1268 1434 discerni,

212 1466 317 1534 queat.
335 1455 411 1514 Rem
431 1453 523 1534 dicit,
538 1471 569 1518 et
584 1458 630 1518 rei
647 1479 772 1518 causam
784 1479 792 1516 s
806 1457 877 1518 ideo
891 1455 972 1530 iusi,
992 1457 1064 1538 quia
1076 1453 1165 1515 fessi:
1186 1455 1260 1514 ideo

213 1541 313 1614 taciti,
327 1542 400 1621 quia
412 1563 523 1625 sopore
535 1549 682 1628 correpti.
1026 1603 1034 1614 ,

250 1626 318 1716 254.
331 1632 455 1692 Transit
466 1655 484 1692 a
494 1632 637 1716 Trojanis
650 1637 689 1696 ad
701 1637 825 1698 Graecos
836 1658 844 1694 ι
856 1633 904 1696 illi
916 1654 1029 1696 somno
1041 1632 1193 1714 correpti3
1207 1633 1259 1692 isti

211 1713 323 1796 vigiles
342 1718 552 1784 instruxerant
572 1745 680 1798 naves,
703 1725 830 1805 ibatque
848 1723 967 1798 classis,
988 1745 1007 1782 a
1030 1719 1143 1782 Tenedo
1160 1734 1260 1800 petam
1335 1731 1336 1770 ἲ

211 1800 310 1862 Litora
324 1806 398 1864 satis
417 1823 485 1868 nota
501 1811 609 1872 decem
628 1810 793 1872 intervallo
814 1831 987 1872 annorum:
1005 1805 1138 1890 juvabat
1155 1808 1259 1867 noctis

212 1884 390 1954 silentium:
406 1900 495 1958 navis
508 1903 591 1982 regia
600 1900 699 1964 facem
709 1922 725 1962 e
735 1903 836 1983 puppi
847 1899 970 1972 extulit3
983 1920 1045 1979 quo
1056 1907 1172 1980 puncto
1181 1909 1259 1956 tem·
1336 1941 1337 1980 3

211 1981 315 2060 poris,
328 2005 402 2046 nam
414 1985 474 2048 hoc
486 1991 610 2070 signum
621 2004 825 2065 convenerat,
837 1991 933 2052 Sinon
944 2009 1061 2072 equum
1071 1987 1187 2069 aperit,
1197 2006 1259 2046 ser·
1336 1993 1337 2066 J

211 2081 300 2130 vatus
315 2075 347 2132 in
363 2079 533 2156 perniciem
544 2078 710 2160 Trojanam
722 2103 729 2138 :
743 2080 834 2142 reddit
848 2101 938 2162 equus
942 2085 952 2154 ‚'
969 2079 1165 2158 restituitque
1177 2075 1258 2150 luci,
1336 2079 1337 2104 ³

212 2177 291 2238 quos
307 2159 442 2226 babebat
455 2166 489 2226 in
505 2179 594 2236 utero
608 2181 638 2228 et
653 2169 806 2234 tenebris:
821 2182 934 2230 exeunt
948 2167 995 2228 illi
1008 2167 1079 2242 tari,
1096 2167 1201 2247 utqui
1217 2164 1257 2224 ad

210 2247 328 2351 exitum
344 2252 451 2313 vident
464 2255 595 2334 perduci
610 2253 708 2336 fatale.
718 2255 818 2338 Trojae
835 2257 987 2319 exitium:
1006 2269 1151 2316 numerat
1164 2265 1258 2334 poeta
1337 2286 1338 2364 q

210 2354 367 2418 principes
379 2345 575 2424 novem‚qui
589 2365 625 2405 ex
637 2366 719 2426 equo
731 2347 904 2412 exiverunt.
1337 2395 1338 2412 2

251 2422 320 2484 265.
333 2426 527 2495 Describitur
537 2433 658 2512 primus
670 2435 806 2514 impetus
820 2433 965 2506 illorum,
977 2431 1032 2514 qui
1044 2451 1079 2492 ex
1092 2446 1175 2512 equo
1186 2425 1258 2488 des·
1337 2433 1338 2488 ζ

212 2507 394 2588 conderent,
413 2518 468 2595 qni
484 2521 567 2588 nacti
580 2532 653 2580 sunt
666 2520 851 2603 preclaram,
861 2521 1072 2593 occasionem
1091 2536 1167 2578 nam
1180 2516 1257 2576 urbs

195 2677 198 2684 Ι
212 2610 280 2659 tota
290 2621 357 2662 non
369 2625 535 2686 oppressa,
548 2609 601 2670 sed
613 2609 724 2693 sepulta
737 2631 839 2672 somno
850 2625 878 2672 et
888 2613 966 2672 vino.
978 2607 1083 2672 Codes
1093 2608 1196 2690 prima
1206 2603 1256 2665 de·

245 2785 305 2854 248.
311 2790 366 2844 Nos
375 2791 488 2848 delubra.
496 2797 583 2852 Tanta
593 2801 710 2852 amentia
753 2799 881 2870 quoniam
892 2810 977 2852 nocte.
988 2795 1123 2850 silentium
1138 2803 1195 2857 est,
1207 2804 1254 2846 nt:

211 2864 277 2932 tuit,
290 2880 321 2920 ¹¹¹
333 2889 387 2941 quo
400 2885 519 2948 tempore
536 2880 645 2931 exitium
660 2881 709 2932 im·
757 2879 874 2944 «Quum
891 2889 962 2930 tacet
978 2877 1064 2928 omnis
1084 2891 1155 2944 ager.
1171 2897 1182 2920 n
1202 2873 1255 2924 Aut

159 3022 161 3030 Α
210 2946 340 3014 mineret,
361 2950 426 3005 latis
445 2955 586 3008 frondibus
609 2957 715 3030 templa*
754 2971 825 3010 certe
838 2957 938 3021 tacite„
953 2973 1067 3018 serenae,
1083 2963 1128 3003 ut:
1140 2973 1151 2998 κ
1162 2951 1254 3004 Sidera

207 3042 263 3076 non
282 3046 470 3085 coronaremus
487 3035 589 3103 solum,
604 3025 653 3088 sed
667 3048 709 3088 te·
754 3049 851 3088 cuncta
859 3048 936 3088 notat
943 3030 1253 3092 tacitolabentiacoelor3

206 3107 328 3176 geremus
345 3107 472 3176 deorum,
490 3116 536 3184 qui
552 3131 606 3166 una
618 3111 709 3166 nobis·
755 3115 795 3168 vel
816 3115 867 3186 ipsi
885 3115 1030 3178 taci1i3ut‚
1052 3113 1256 3182 sTacitumquo

208 3203 269 3237 cunr
280 3190 392 3258 perituri
402 3202 486 3243 erant.
496 3193 593 3243 Donat.
754 3193 859 3247 obsedit
871 3193 952 3247 limen
965 3194 1073 3244 Amatae.
1086 3214 1097 3239 ι
1109 3189 1252 3242 -Amica

242 3265 302 3319 251.
316 3267 462 3350 Involvens.
477 3269 546 3321 Nam
559 3289 617 3340 quar
632 3273 708 3324 invo·
752 3273 808 3327 Sibi
816 3287 899 3346 grata.
908 3275 1018 3328 Seru-
1027 3265 1122 3324 Tacitoe
1127 3286 1176 3342 per
1185 3268 1253 3322 ami-

205 3345 263 3398 luta
270 3361 407 3414 sunt,non
416 3349 548 3402 ridentur.
557 3352 653 3402 Donat.
666 3353 707 3404 De
750 3371 788 3406 ca.
809 3353 918 3406 Nuiium
930 3365 971 3404 est
987 3351 1124 3422 scriptoris
1142 3348 1253 3414 vitium,

205 3439 284 3480 nocte
296 3446 354 3498 quae
363 3448 394 3480 ex
402 3429 512 3482 Oceano
522 3433 649 3503 erumpit,
661 3433 706 3486 adi
751 3432 825 3505 quod
839 3452 910 3485 nnnc
924 3431 996 3483 dicat
1009 3430 1112 3482 silentia
1128 3427 1212 3492 lunoe,
1226 3439 1253 3481 et

205 3504 351 3558 ERursum
361 3507 434 3571 VIII,
446 3509 500 3560 vol·
510 3509 549 3574 ll,
562 3529 588 3582 p·
602 3511 662 3566 335.
749 3509 1253 3585 supramemiperittenebrarum.Nan1

243 3583 302 3651 254.
316 3583 447 3636 Phalanx.
462 3587 565 3660 Lingua
577 3590 706 3644 Macedo·
748 3594 886 3667 elegerunt
901 3611 961 3644 eam
973 3605 1096 3658 noctem,
1113 3609 1171 3661 quse
1187 3609 1252 3660 par·

205 3682 284 3727 num,
293 3662 363 3734 legio
376 3683 382 3714 ε
393 3675 419 3716 et
427 3667 592 3736 synecdoche
601 3690 617 3723 a
628 3684 704 3742 parte
749 3677 797 3728 tim
806 3674 959 3738 tenebrosa,
968 3671 1118 3726 occultaret
1127 3670 1250 3724 insidias:

206 3756 293 3796 totum
302 3763 308 3792 =
317 3743 446 3815 significat
456 3750 526 3802 enim
536 3763 622 3804 totum
632 3772 706 3807 exer-
748 3755 847 3826 partim
864 3753 1028 3809 adveniente*
1038 3753 1104 3810 iuna
1114 3790 1123 3818 ‚
1141 3749 1251 3804 illustris

207 3826 297 3878 fliium·
308 3823 377 3874 sm·
749 3845 834 3898 esset,
846 3845 877 3884 ut
888 3835 945 3886 sine
958 3850 1048 3884 errore
1060 3831 1190 3883 venirent.
1201 3829 1252 3880 Er·

243 3891 302 3954 255.
322 3901 418 3956 Tacite
436 3905 513 3961 dune.
527 3911 581 3964 Aut
598 3924 705 3964 noctem
748 3931 783 3986 go
796 3925 822 3966 et
835 3915 931 3966 notitia
947 3913 1049 3979 litoris,
1068 3923 1095 3963 et
1113 3909 1178 3962 luna
1195 3907 1251 3962 sui-

205 3979 349 4054 significat,
364 3984 438 4053 eujus
454 3997 572 4062 tempore
586 4002 704 4060 tacetur,
748 3991 914 4066 fragebatur.
926 3991 1025 4049 nonae
