2700 4586
384 307 696 382 IN'AENEIDOS
719 317 812 382 Lln
837 321 862 384 I.
1104 327 1143 394 53

98 426 331 505 perturbandos
350 445 534 514 spectatores
553 437 667 497 similia
683 437 750 500 fieri
767 441 927 504 solebant:
946 445 1044 506 nudat
1058 468 1146 530 ergo,

99 525 129 572 et
142 517 280 579 ostendit
293 533 401 602 peetus
414 521 504 584 hians
517 525 655 588 vulnere.
673 527 757 605 Quid
771 531 936 612 praeterea?
949 537 1049 596 retexit
1061 557 1147 596 omne
1174 606 1177 610 ¹

100 600 190 662 scetus
201 603 321 681 domus,
344 609 429 689 quod
443 632 551 672 caecam
566 627 645 696 erat:
665 635 740 674 nam
753 619 829 698 q'uid
844 621 953 682 caecius
969 642 1006 682 eo
1019 621 1146 699 scelere,

101 690 185 768 quod
199 693 373 756 admissum
385 698 424 758 ab
442 699 613 775 avunculo,
633 723 651 760 a
666 702 762 766 fratre
779 707 906 784 sororis,
928 722 959 769 et
971 707 1100 771 fortasse
1112 713 1148 772 in

103 773 195 838 domo
205 781 362 860 Didonis,
375 798 404 846 et
415 797 520 848 tamen
533 789 753 870 ignorabatur?
763 794 849 872 Quid
861 797 1046 858 verosaadet
1055 819 1145 860 verus

102 868 239 928 amator?
251 869 376 934 celerare
379 875 488 956 Mam
493 919 502 950 ,
514 875 648 936 excedere
657 882 762 958 patria.
777 873 846 943 Non
859 885 951 964 petit,
964 897 999 946 ut
1008 881 1069 946 sibi
1079 907 1146 968 per·

101 951 198 1013 solvat
211 952 300 1035 justa
316 959 486 1036 funeralia;
505 963 558 1024 sed
573 963 677 1024 utilia
692 965 814 1028 locetur
827 971 861 1030 in
876 983 963 1030 tuto:
984 987 1015 1032 et
1026 971 1148 1034 recludit

102 1036 200 1102 leiim
211 1043 358 1108 thesauros
365 1063 469 1110 veteres
473 1075 484 1125 ‚·
492 1052 634 1114 indicans
643 1049 790 1114 videlieet
798 1054 919 1133 locum,
929 1057 985 1118 ubi
994 1060 1145 1136 latebant,

102 1140 135 1186 ut
148 1131 222 1193 inde
238 1136 489 1214 recluderentur3
504 1161 579 1200 nam
594 1143 659 1224 ipse
674 1145 728 1225 qui
743 1144 885 1206 reclusit?
898 1159 928 1206 et
940 1147 1045 1209 hosin
1059 1152 1145 1210 anxi·

103 1213 172 1278 lium
186 1225 256 1298 aire,
279 1228 383 1306 signat
397 1231 560 1305 viaticum,
579 1232 695 1309 ἐφόδιον,
717 1236 748 1294 τὰ
764 1243 861 1316 πορεῖα,
882 1235 1144 1320 Quod-sequitur,

101 1305 210 1382 pondre
230 1312 364 1392 ignotum
384 1319 511 1397 arpenti,
532 1330 561 1378 et
575 1319 655 1391 auri,
678 1317 779 1380 refero
799 1320 914 1390 velad
930 1326 1088 1400 tenebras,
1110 1328 1145 1390 in

101 1392 213 1471 quibus
230 1396 372 1462 latebant
386 1424 478 1485 opes;
494 1403 543 1468 vel
558 1405 597 1468 ad
611 1407 770 1487 ingentem
786 1407 984 1486 thesaurum
1002 1415 1044 1476 ita
1060 1416 1145 1475 enim

7 1479 8 1512 i
100 1492 164 1540 erat
173 1503 320 1566 magnus,
333 1504 369 1550 ut
380 1511 446 1552 non
458 1492 550 1554 facile
564 1495 742 1575 ipsasciret.
753 1497 832 1564 Dido
845 1496 888 1561 his
899 1515 1044 1562 commota
1056 1522 1143 1584 paru·

7 1565 8 1576 ¹
102 1565 271 1653 batfirqam,
286 1581 448 1662 sociasque,
462 1583 551 1663 quia,
564 1585 769 1662 ait-susanna
782 1586 867 1648 Elisa
876 1588 1055 1652 dissimulato
1065 1591 1142 1664 odio,

7 1677 8 1690 ¹
101 1659 286 1746 mitigatoque
301 1659 416 1732 interim
428 1669 527 1745 vultu,
533 1673 643 1755 sapam
656 1675 884 1742 tacitemolitur,

137 1747 206 1810 361.
222 1754 438 1834 Conveniunt,
457 1761 511 1840 qui
528 1774 698 1842 tyrannum
714 1765 861 1842 oderant,
881 1770 936 1850 qui
952 1771 1143 1830 metuebant.

7 1907 8 1910 Ἴ
100 1831 151 1894 Est
167 1833 234 1900 haec
249 1839 372 1925 duplex'
384 1857 459 1906 nota
476 1849 669 1931 tyrannidis:
690 1856 852 1934 corripiunt
867 1878 967 1932 naves,
987 1880 1051 1940 qun
1064 1860 1145 1941 sorte

98 1938 208 2002 paratae
226 1945 523 2019 erant„anerentque
542 1937 613 2000 illas'
632 1958 719 2002 auro.
740 1944 809 2010 Vox
820 1944 899 2026 forte
918 1949 1088 2022 necessaria
1103 1947 1143 2006 ad

100 2017 327 2098 narrationem,
346 2036 377 2084 et
390 2045 556 2089 occurrens
574 2025 763 2110 objectioni:
782 2052 856 2092 nam
873 2037 928 2115 qui
943 2035 1025 2095 Dido
1040 2050 1144 2116 posset

7 2163 8 2182 ,
99 2099 176 2160 elam
192 2103 290 2168 fratre
303 2131 397 2176 naves
410 2135 534 2196 parare,
555 2129 586 2178 et
600 2118 757 2199 ingentem
772 2137 838 2185 rem
853 2120 977 2184 moliri?
992 2135 1145 2204 portantur

97 2186 201 2272 pelago
220 2215 287 2276 opes
304 2204 392 2266 avari,
405 2202 623 2284 Pygmalionis,
645 2227 722 2286 quas
736 2205 894 2274 uidelicet,
905 2209 973 2289 ipse
990 2229 1059 2268 suas
1078 2227 1143 2268 esse
1240 2239 1243 2243 ·

96 2279 241 2354 putabat.
257 2284 335 2348 Nota
351 2287 560 2371 frequentiam
576 2291 774 2374 dactylorum
791 2293 831 2356 ad
847 2291 1050 2364 indicandam
1062 2293 1141 2355 cele-

94 2364 221 2428 ritatem
246 2365 326 2454 fugee
346 2401 353 2437 2
374 2377 511 2446 absolvit
525 2383 624 2457 viam,
645 2381 894 2466 pulcherrimum
913 2383 1142 2468 epiphonema,

7 2475 8 2528 ]
98 2447 391 2546 durfoeminafaetis
651 2532 677 2541 ,,
772 2491 797 2538 ἰ·
840 2491 843 2497 “

134 2543 205 2604 365.
220 2548 306 2610 Finis
318 2556 536 2637 navigationis.
548 2562 627 2622 Nam
638 2553 773 2632 dwener'e
786 2563 820 2625 iu
831 2558 922 2636 locos,
933 2563 982 2625 ubi
994 2583 1073 2624 nane
1083 2583 1142 2623 eer-

96 2649 145 2689 nes
156 2639 267 2696 moenr'a
277 2641 418 2721 ingentia,
431 2662 648 2732 serpentemque
658 2663 755 2722 arcem
764 2669 846 2720 novae
856 2648 1049 2730 Cartkaqr'nis.
1061 2651 1141 2712 Laus

98 2736 212 2808 inagna
223 2724 372 2804 Didonis,
384 2753 454 2813 quae
467 2733 554 2804 brevi
567 2740 667 2816 spatio
676 2757 745 2806 ,non
756 2735 852 2806 mode
862 2735 973 2798 urbem
985 2733 1142 2810 condidi-t,

7 2881 8 2888 ἵ
97 2807 148 2868 sed
161 2811 259 2873 cinxit
272 2816 491 2896 moenihus„et,
503 2824 760 2904 propugnaculis.
781 2877 785 2888 ,
922 2883 927 2899 ,,
993 2869 998 2876 «

7 2895 8 2900 '
137 2896 205 2980 367.
217 2903 407 2966 Sententiam
419 2911 462 2970 sie
474 2913 617 2994 concipe3
638 2914 819 2993 Mereatique
833 2922 906 2971 sunt
920 2909 1029 2986 solum,
1048 2933 1142 2993 quan·

96 2995 156 3044 tum
167 3007 285 3067 possent
296 2997 474 3056 circumdem
488 3013 566 3079 tergo
582 3002 712 3073 taurino,
731 2998 816 3081 quo'd
835 2999 937 3060 solum
953 3003 1076 3080 Byrsam
1091 3020 1142 3059 vo·

7 3077 9 3102 ⁵
96 3088 205 3134 earunt
220 3075 255 3135 de
261 3076 341 3161 fian
357 3086 484 3156 nomine.
502 3085 874 3166 CommeatumDidonis
892 3085 951 3146 hoc
968 3086 1047 3146 fuit:
1065 3088 1142 3146 emit

7 3233 8 3240 ἵ
96 3171 220 3222 tantum
237 3163 311 3240 soli,
330 3182 483 3248 quantum
497 3173 605 3253 posset
620 3186 721 3256 tegere
736 3175 822 3234 corio
837 3173 973 3248 bubulo,
992 3192 1055 3252 quo
1068 3193 1141 3232 mox

95 3243 220 3310 desecto
233 3253 266 3310 in
280 3268 382 3334 partes
396 3269 519 3335 tenues,
538 3272 662 3322 tantum
676 3261 770 3344 spatii
785 3260 967 3342 occupavit,
986 3273 1141 3339 quantum

73 3377 77 3394 2
94 3339 165 3397 satis
180 3353 247 3400 erat
258 3343 429 3407 condendae
444 3349 524 3424 arei3
537 3349 605 3428 alii,
620 3373 685 3412 non
700 3353 762 3414 arci
774 3349 877 3410 solum
884 3393 896 3424 ,A
908 3345 961 3408 sed
974 3346 1059 3424 urbi;
1075 3370 1140 3410 non

94 3522 127 3576 de
139 3523 234 3579 Sielraei
246 3530 341 3586 umbra
354 3533 487 3590 Didonem
502 3537 595 3591 admo·
641 3551 696 3606 est,
707 3537 822 3592 erudelis
835 3536 956 3608 tyranni,
968 3547 994 3588 et
1003 3533 1089 3609 figora
1099 3549 1139 3590 est

93 3606 190 3656 nentis.
639 3617 873 3690 Hypallage3nam
885 3617 912 3668 in
923 3619 1141 3689 tyrannum,jns·

132 3685 194 3737 361.
224 3689 405 3759 Conveniunt,
433 3696 523 3767 quibas
550 3707 598 3750 aut
639 3714 696 3752 tum
709 3699 800 3754 odium
811 3711 859 3752 est.
870 3699 939 3752 Serv.

93 3763 183 3815 odiam
194 3769 310 3837 tyranni,
321 3783 594 3830 autmetnsaeererat.
675 3780 734 3846 364.
752 3780 814 3831 Dux
823 3779 945 3852 femina.
964 3777 1007 3830 Ad
1024 3779 1139 3831 insulta·

90 3845 214 3900 Oderant
222 3848 291 3912 laesi3
300 3853 456 3908 Metuebant
463 3856 593 3926 laedendi,
638 3863 739 3913 tionem
746 3861 922 3934 Pygmalionis
932 3859 1047 3928 dictum,
1057 3872 1086 3911 nt
1097 3877 1137 3925 ea,
1178 3916 1180 3920 ,

89 3922 143 3976 hoc
150 3939 204 3992 est,
216 3930 412 4000 quitimebent,
424 3951 457 3986 ne
469 3933 595 3990 laederer·
638 3940 706 3992 duee
717 3941 842 4007 faemina,
857 3938 1018 4011 perdiderit,
1029 3956 1086 4008 qua·
1097 3954 1137 3988 ss·

90 4017 186 4058 tun-
202 4009 299 4063 Odium
313 4013 416 4068 crudele
432 4017 545 4088 cymmi
561 4018 592 4071 ld
636 4031 826 4074 secuturnmse
837 4019 959 4092 putabat
969 4018 1064 4072 Donat·
