2692 4594
259 321 260 328 ,
306 273 355 335 IN
381 271 618 338 AENEIDOS
640 273 733 338 LIB.
759 275 831 341 ΙΙΙ.
1026 309 1089 382 207

34 395 132 453 AEtna
151 395 333 476 prorumpit
351 393 467 455 nubem
486 407 600 470 atram,
618 397 777 457 turbinem
794 400 932 480 piceum,
949 395 1093 474 favillam

34 481 244 556 candentem,
263 483 375 564 globos
389 481 601 556 flemmarum
616 485 777 545 interdurn
794 490 956 571 scopulos,
975 505 1093 563 montis

35 570 178 646 viscera,
192 591 265 634 saxa
277 570 462 651 liquefacta:
479 583 514 630 ut
527 591 601 631 vero
613 574 733 652 priores
749 589 811 636 tres
826 577 940 642 desinit
952 583 1015 646 illis
1026 609 1093 650 ver-

34 657 102 733 bis,
121 657 219 718 sidera
234 657 350 734 lambio
360 654 413 720 'ite
424 672 483 719 tres
495 661 680 742 posteriores
694 663 777 739 istis,
788 667 943 751 fundoque
957 690 1096 741 exoesruag

37 747 116 819 imo,
141 745 240 807 veluti
259 769 401 830 quoerens
420 749 779 831 oppositionem3‘quasi
798 753 897 831 dicat3
919 779 981 840 quo
1002 762 1093 827 AEtna

37 832 172 893 altiores
187 836 279 916 erigit
292 835 450 912 flammas,
472 855 509 896 eo
527 849 638 896 estuat
653 837 860 918 profundius:
882 867 945 928 quo
960 871 1094 934 superne

36 919 284 986 formidolosius
296 926 425 1005 attingit
446 924 547 983 sidera
563 925 646 1006 pice,
668 923 797 1002 favillis,
820 929 968 1012 flammis3
989 957 1026 1000 eo
1048 945 1097 1004 ins

35 1005 130 1068 ferne
145 1012 272 1090 gravius
286 1013 382 1092 gemit
394 1010 520 1086 avulsis,
541 1013 703 1088 eructatis,
721 1012 959 1104 liquefactisque
971 1029 1100 1090 visceri?

36 1094 117 1154 bus:
132 1111 165 1156 et
177 1111 213 1157 ut
224 1098 306 1158 nihil
319 1099 396 1160 desit
410 1099 449 1158 ad
464 1100 716 1180 oppositionem,
727 1103 759 1160 in
772 1103 871 1164 tribus
882 1114 1096 1190 superioribus

38 1185 154 1244 omnia
172 1199 246 1246 sunt
264 1185 357 1260 levia3
377 1185 492 1262 nubes,
512 1185 622 1262 turbo,
638 1187 761 1266 favilla,
777 1189 928 1255 flammeo:
947 1200 980 1258 iu
996 1201 1098 1266 trihus

37 1267 249 1336 inferioribus
261 1276 369 1334 omnia
384 1276 506 1355 gravie3
525 1275 662 1356 scopuli,
681 1280 797 1338 montis
809 1281 941 1360 viscera,
960 1307 1044 1350 saxa,
1056 1325 1096 1337 ..-

35 1358 68 1417 Si
89 1357 157 1418 alia
172 1361 328 1422 desideres
347 1363 386 1422 ad
404 1365 559 1445 integram
578 1366 796 1446 coguitionem
811 1368 905 1452 hujus
923 1371 1002 1455 loci,
1023 1380 1096 1440 vide

36 1447 216 1508 Excursum
227 1451 293 1528 XV,
308 1450 346 1511 de
360 1450 464 1528 AEtna,
478 1466 555 1512 tom.
570 1453 614 1530 ll,
627 1475 697 1534 pag.
712 1453 780 1538 471.

81 1536 153 1618 578.
173 1539 268 1598 Verus
286 1559 393 1600 causas
409 1543 519 1601 AEtoaei
534 1542 671 1602 incendii
683 1558 768 1604 vates
786 1545 853 1627 ipse
871 1549 903 1607 in
915 1549 1021 1630 AEtna,
1043 1576 1097 1617 seu

37 1628 149 1707 potius
164 1628 329 1690 Cornelius
343 1631 485 1707 Severus,
498 1634 712 1714 persequitur:
728 1656 814 1696 nunc
827 1636 873 1696 illi
889 1637 1042 1720 placitum
1057 1645 1098 1705 ad

36 1715 169 1776 fabulas
182 1713 345 1779 decurrere
356 1741 446 1780 more
456 1723 639 1802 Epicorum,
655 1741 790 1802 quorum
805 1727 871 1808 ipse
884 1743 929 1788 est
939 1734 1096 1816 princeps.

37 1809 233 1889 Enceladus,
252 1815 312 1889 ait,
330 1833 366 1872 ex
385 1833 421 1874 eo
442 1811 513 1873 loco
528 1813 674 1872 flammas
686 1815 836 1895 exspirat,
858 1829 952 1901 etque
971 1822 1047 1883 dum
1066 1845 1098 1886 se

38 1898 224 1960 commovet
238 1903 270 1960 in
284 1902 467 1962 alterutrum
479 1915 617 1985 partem,
636 1896 746 1978 efficit,
765 1915 801 1962 ut
811 1905 917 1966 Sicilie
929 1908 1098 1988 adfirmat,

40 2002 140 2069 atque
153 1990 331 2071 immugiet.

83 2077 155 2137 583.
173 2077 272 2159 Finge
289 2081 356 2160 ipse
372 2090 483 2138 nautas
498 2076 644 2138 locorum
659 2090 689 2137 et
703 2079 840 2158 regionis
852 2081 978 2158 ignaros
994 2086 1099 2166 appel·

37 2162 104 2224 lere
113 2178 212 2225 noctu
220 2165 259 2225 ad
267 2166 385 2242 locum,
393 2165 450 2226 ubi
459 2165 588 2226 audiant
594 2167 734 2225 tonitrua
742 2164 797 2223 illc
805 2167 980 2229 intonantis
989 2163 1098 2252 AEtnae,

38 2253 240 2335 videantque
253 2253 378 2314 furnum
388 2268 419 2313 et
430 2254 542 2334 globos
552 2254 751 2313 flammarum
764 2271 800 2313 ex
812 2255 915 2314 vicino
930 2255 1000 2318 loco
1015 2273 1098 2322 eruc·

38 2359 146 2407 totos:
165 2344 242 2426 quid
260 2357 327 2402 tum
341 2343 487 2425 pavoris?
502 2356 596 2426 poeta
610 2342 676 2404 haec
688 2341 837 2424 praeclore
851 2359 940 2406 vocat
954 2358 1082 2412 moresne
1087 2399 1100 2428 ,

39 2451 202 2516 tanquam
220 2433 365 2516 prodigia
384 2433 528 2514 quodum
548 2432 799 2494 insolentissime.
821 2435 966 2516 Sequitur
984 2439 1099 2502 deinde

38 2546 139 2586 causa
150 2526 320 2606 superioris
331 2525 509 2586 sententies:
522 2521 592 2582 ideo
603 2525 726 2604 pavidi,
736 2525 811 2606 quia
820 2525 900 2584 nulli
910 2529 999 2608 ignes
1007 2543 1103 2593 ostro-

38 2634 127 2688 rum,
136 2633 195 2672 nec
203 2611 295 2694 polus
303 2612 431 2672 lucebat
437 2609 560 2692 fulgore
568 2611 741 2672 stellarum:
752 2626 797 2672 est
805 2615 890 2672 enim
897 2615 987 2675 oetluo
996 2618 1099 2698 splen-

37 2700 119 2776 dor,
137 2714 171 2760 et
185 2699 240 2759 lux
256 2697 395 2759 aetheriss
414 2701 492 2780 quin
507 2702 612 2780 potius
629 2719 691 2758 nox
703 2713 768 2758 erat
783 2697 893 2759 nubile
911 2702 943 2758 iu
961 2701 1101 2766 ohscuro

38 2789 139 2864 caelo,
149 2787 184 2846 id
194 2801 254 2862 est,
263 2788 334 2848 ideo
345 2809 408 2848 nox
419 2787 560 2862 obseura,
571 2789 646 2868 quis
655 2785 767 2846 culum
777 2785 937 2859 nubilum3
949 2803 979 2847 et
990 2789 1100 2851 cadem

38 2899 109 2938 nox
122 2880 309 2959 intempesto
322 2875 512 2960 impediebat
524 2877 647 2934 Lunam
660 2873 771 2956 nimbq
783 2873 922 2954 quodam
936 2875 1099 2941 obsessam.
1136 2929 1142 2942 .

83 2968 156 3028 588.
172 2966 280 3046 Signat
289 2967 429 3046 primum
438 2963 629 3038 diluculum,
640 2967 690 3030 ἠὼς
697 2963 815 3022 Aurora
825 2974 884 3036 θεῖς
895 2961 1102 3046 indeternpus

39 3055 127 3117 illud
139 3059 259 3118 Eoum:
279 3054 354 3114 inde
369 3055 402 3114 in
415 3053 547 3134 Virgilio
563 3051 829 3127 subaudiendum,
848 3065 1006 3133 tempore:
1027 3055 1100 3116 ideo

88 3191 153 3262 578.
176 3191 259 3244 Fama
279 3201 322 3243 est·
343 3191 426 3242 Recte
447 3188 550 3241 inducit
596 3189 683 3256 citur,
707 3189 770 3260 quie
787 3197 860 3238 caret
876 3197 1012 3256 tempore:
1033 3203 1100 3238 sane

37 3275 160 3328 AEneam
171 3273 204 3323 iis
218 3289 275 3342 quae
287 3269 413 3322 fabulosa
424 3280 500 3322 erant
513 3267 552 3320 di-
595 3270 682 3321 noctis
695 3277 797 3339 septem
809 3274 933 3338 ternpore
944 3275 1099 3336 ponuntur:

39 3366 168 3416 centem,
183 3353 277 3403 «fama
287 3363 361 3416 esu»
376 3367 411 3402 ne
420 3364 448 3403 se
460 3359 551 3402 aucto
598 3347 789 3421 crepusculum,
797 3345 1022 3418 quodetVesper:
1032 3339 1098 3412 Fax,

39 3453 102 3488 rem
122 3451 216 3484 rerum
234 3430 441 3502 impossibilium
458 3431 550 3482 fumat.
597 3445 651 3500 quo
667 3428 769 3480 lumino
780 3427 975 3480 incenduntur:
996 3425 1099 3480 Guneu-

39 3509 487 3566 -Enceladi.Filiussecundum
499 3511 553 3582 Hy·
597 3509 686 3574 bium,
718 3525 771 3578 quo
795 3525 844 3558 nos
869 3508 952 3577 quieti
978 3507 1095 3563 dumus:

40 3597 141 3668 ginum
154 3593 183 3642 in
197 3591 273 3660 prof.
288 3581 377 3642 Terrae
390 3588 554 3642 et'lertariz'
596 3593 766 3660 Intempesta,
784 3588 884 3655 idest,
905 3585 1009 3640 media:
1032 3586 1097 3642 Gal·
1161 3591 1163 3594 ’

39 3674 119 3728 itlius
127 3671 251 3724 meminit
257 3669 421 3726 Claudianus
430 3667 463 3720 de
473 3681 553 3739 raptu
599 3669 731 3734 licinium,
747 3686 800 3738 quo
812 3667 876 3740 galli
890 3683 1014 3722 cantant:
1032 3673 1098 3723 Con*

40 3753 232 3822 Proserpinae,
251 3748 298 3800 lib.
311 3749 337 3814 l,
357 3747 423 3799 153:
440 3748 553 3812 «Εἴπω,
599 3751 733 3814 ticinium,
755 3761 817 3819 post
838 3761 945 3801 cantum
966 3749 1107 3820 gallorum¹

39 3830 180 3886 Enceladi
188 3830 305 3897 bustum,
314 3827 472 3900 quisoucie,
481 3839 551 3878 eto.»
600 3829 733 3884 silentium
743 3850 749 3879 ε
759 3830 862 3880 Aurora
871 3830 913 3881 rel
920 3831 1098 3902 crepusculum

79 3919 146 3986 587.
155 3907 493 3982 Noxintempesta.Mediu:
502 3907 555 3958 hoc
578 3945 587 3966 .
599 3909 772 3974 matutinum,
784 3921 888 3981 tempus
899 3910 972 3981 quod
983 3923 1043 3963 aute
1053 3910 1100 3963 So.

41 4013 84 4052 est
93 3995 213 4049 nimium
221 3991 349 4044 obscura:
358 3989 510 4059 intempesta
517 3985 556 4038 di·
600 3987 653 4042 lem
665 3999 714 4040 est.
728 3988 796 4056 Seru.
