2646 4606
356 251 873 333 incrementum.
900 243 902 248 ’
1073 269 1138 360 ³⁵9

88 376 163 439 neis
173 379 340 456 scinditur;
351 381 562 447 advolvuntur
573 384 713 464 ingentes
722 389 801 450 orni.
809 385 868 450 Sed
877 371 1048 470 eipendam
1056 391 1116 454 alia
1129 415 1138 450 :

88 469 228 546 ponitur*
237 475 327 553 picea
339 473 409 538 loen
419 475 572 555 principe,
583 475 738 537 rationem
751 473 845 540 habes
856 478 890 540 in
900 481 999 544 notis:
1015 482 1091 556 ilex,
1103 495 1138 542 ut

89 556 258 635 quoedura,
266 575 412 624 sonanter
420 561 589 638 scinditur;
600 583 656 624 neo
663 565 735 624 satis
746 585 810 626 una
818 569 942 642 securis,
952 568 1004 628 sed
1012 569 1118 628 multae
1129 591 1138 626 :¹

88 638 163 704 ideo
180 643 308 711 fortasse
323 649 382 710 ilex
403 651 437 710 in
452 649 618 730 singulari,
635 669 752 714 secures
768 653 802 714 in
817 653 946 734 plurali3
966 655 1136 736 non-quod

88 745 156 790 une
167 742 290 798 tanturn
300 737 405 810 scissa,
415 736 467 798 sed
478 737 517 800 ad
527 735 743 801 difficultutem
754 741 1007 820 exprimendam:
1024 745 1136 815 robur,

92 830 130 877 ut
151 825 201 883 cui
217 829 346 888 materia
360 828 539 904 durissima,
553 847 619 888 non
635 842 699 892 tarn
714 829 825 892 ictibus
844 845 874 892 et
886 833 1021 910 viribus,
1040 857 1137 916 quam

87 921 157 968 arte
165 917 366 993 pervincitur,
380 917 450 980 ideo
462 921 566 978 cuncis
577 917 746 980 scinditur:
760 917 917 1000 conjunge
932 943 1004 984 vero
1015 925 1072 1000 sic3
1084 949 1135 988 ro·

86 993 153 1056 bur
168 1002 331 1080 scinditur,
354 1005 447 1068 fissile
462 1006 581 1082 cuneis3
600 1007 689 1086 quasi
707 1006 823 1066 indicet
841 1011 984 1071 naturam
1002 1009 1136 1086 arboris,

89 1101 161 1160 quae
177 1105 305 1172 propter
316 1092 465 1160 duritiem
481 1092 630 1158 vaatanda
643 1095 770 1154 cuneis:
788 1095 906 1175 optime
918 1116 990 1159 vero
1008 1099 1138 1179 inpensas

86 1191 192 1251 ouran·
207 1181 267 1244 sibi
282 1197 447 1257 consonat,
465 1185 539 1265 quia
552 1185 706 1265 praecessit
718 1183 1010 1266 antiquamsytvam:
1026 1189 1138 1250 eodem

86 1268 225 1343 pertinet
235 1271 297 1334 dici
304 1271 419 1334 stabulo
421 1274 552 1356 fcturum
557 1297 569 1348 ,·
578 1273 771 1340 nambarum
779 1286 879 1337 metus
887 1275 1004 1338 incolas
1012 1276 1139 1341 arcebat

88 1374 107 1412 a
117 1356 360 1444 cudendasylva
371 1384 378 1422 ι
391 1373 421 1422 et
429 1359 544 1424 stabula
552 1363 679 1444 quidem
688 1362 781 1437 dixit,
793 1363 968 1443 intelligens
978 1385 1033 1446 per
1043 1381 1138 1428 meta·

87 1439 190 1524 lepsin
203 1468 334 1530 magnus
348 1449 443 1522 feras3
457 1447 547 1511 aliter
566 1450 682 1512 cubilia
700 1450 830 1526 diceret,
850 1464 904 1515 eut
918 1451 1083 1534 quidpiam
1098 1456 1137 1516 si·

87 1530 175 1592 mile.
183 1535 289 1596 Talem
298 1548 329 1598 te
342 1536 505 1618 virgiliani
514 1539 661 1602 carminis
675 1550 878 1602 scrutatorem
892 1539 975 1604 volo.

131 1620 196 1680 183.
212 1623 368 1688 incumbit
377 1625 492 1704 pariter
500 1625 651 1687 AEneasin
663 1625 804 1688 officium
816 1627 954 1706 pietetia,
964 1627 1050 1709 quod
1060 1645 1136 1709 pret·

86 1705 169 1768 clerc
183 1713 366 1793 excogitavit
381 1724 490 1793 poeta,
510 1731 576 1772 non
590 1712 692 1773 solum
706 1713 781 1794 quie
800 1713 891 1778 labor
907 1715 977 1794 pius
993 1714 1082 1776 decet
1093 1717 1138 1778 vi·

86 1817 158 1856 rum
168 1801 275 1880 pium,
295 1801 460 1864 sedetiam
480 1813 515 1862 ut
528 1805 689 1866 occasione
702 1801 761 1866 hac
780 1801 886 1866 locum
904 1801 958 1865 det
975 1804 1078 1866 dinen
1096 1803 1137 1863 ad
1209 1874 1214 1880 Ι

85 1881 284 1948 lustrandum
298 1909 423 1964 nemus,
434 1890 461 1948 si
471 1888 553 1950 forte
565 1890 600 1948 in
609 1889 665 1951 illo
681 1901 829 1971 appareat
840 1909 945 1952 ramus
955 1910 1075 1953 aureus.
1085 1891 1138 1956 nn

85 1971 263 2049 primus-,ut
276 1976 418 2059 exemplo
431 1975 499 2036 aliis
510 1989 600 2050 esset,
615 1974 761 2050 bortatur,
772 1988 808 2036 ut
819 1974 897 2050 dux3
911 1979 1087 2059 accicipitur,
1101 1989 1138 2041 ut

85 2079 169 2121 unus
182 2083 198 2122 e
209 2066 351 2147 reliquis,
366 2065 406 2125 ad
419 2066 527 2133 omnia
542 2063 663 2124 alacer:
676 2063 790 2124 volutat
804 2084 872 2124 cum
889 2067 961 2127 tristi
979 2065 1080 2138 coede,
1100 2078 1136 2128 ut

86 2171 182 2230 quem
197 2155 291 2216 altior
305 2177 380 2216 cura
397 2157 512 2236 premit
526 2157 608 2218 rami
623 2152 820 2228 inveniendi,
834 2173 901 2216 nou
914 2155 1017 2216 solum
1032 2171 1136 2218 tumu-

84 2238 174 2300 landi
187 2244 312 2319 Miseni,
328 2256 363 2304 ut
372 2243 529 2324 reliquos:
545 2243 706 2304 inducitur
716 2256 866 2324 aspectans
870 2287 881 2317 ,
896 2245 971 2325 quia
984 2263 1138 2326 praecepe·

85 2345 135 2390 rat
145 2332 280 2414 Sibylla,
293 2354 360 2416 cryc
374 2331 433 2392 ulte
443 2337 552 2413 oestipn
563 2331 671 2406 oculis3
684 2345 714 2392 et
732 2330 846 2413 sylvam
860 2337 1046 2408 immensam,
1061 2337 1136 2416 quia

86 2442 198 2502 supra,
211 2420 289 2482 hunc
303 2425 369 2504 tepit
380 2425 474 2482 omnis
486 2420 587 2484 lucus:
601 2420 668 2502 jam
681 2422 828 2484 diffidens
841 2423 880 2483 de
899 2445 955 2485 sua
971 2423 1134 2506 diligentia

82 2521 284 2587 precariarum,
295 2508 479 2590 confugiens
490 2509 528 2568 ad
541 2530 661 2590 proces:
676 2509 752 2590 quid
763 2530 834 2570 vero
844 2509 1134 2592 precaturiSinunc

84 2619 115 2656 se
126 2597 210 2659 nodis
220 2597 488 2660 illenureusmmus
503 2599 644 2661 Ostendat
657 2620 774 2660 nemora
786 2601 817 2658 in
833 2603 929 2661 tanto!
947 2621 1045 2680 quum
1060 2620 1135 2670 vero

85 2687 126 2746 sit
134 2688 261 2769 augenda
270 2709 425 2763 successu,
435 2689 614 2748 consolatur
623 2707 654 2748 sa
664 2686 724 2749 hoc
736 2700 937 2767 argumento,
947 2687 1064 2768 quondo
1075 2708 1135 2750 om·

86 2779 154 2851 nia,
166 2791 223 2839 etc.
237 2779 324 2859 quasi
337 2777 433 2852 dicat,
451 2800 517 2838 non
532 2777 643 2839 dubito
659 2779 734 2858 quin
752 2789 899 2860 appareat
916 2797 1041 2838 ramus:
1059 2796 1134 2836 nam

85 2859 203 2944 Sibylla
215 2864 293 2926 mihi
306 2865 464 2948 praedixit3
475 2881 504 2926 et
514 2865 595 2926 hanc
607 2867 741 2926 nimium
755 2885 860 2924 veram
873 2884 937 2924 esse
948 2865 983 2924 in
995 2883 1134 2926 successu

85 2951 198 3012 Miseni
217 2952 427 3036 deprehendi:
448 2967 553 3036 estque
571 2955 685 3037 species
703 2953 879 3034 argumenti
899 2950 937 3013 de
955 2954 1078 3014 minore
1094 2950 1136 3012 od

88 3040 209 3120 majus:
230 3045 255 3103 si
276 3066 347 3106 vera
367 3044 443 3120 fuit,
464 3047 498 3104 in
519 3065 552 3106 re
574 3047 670 3121 tristi,
690 3059 719 3105 et
738 3065 833 3126 quam
851 3063 908 3124 ego
927 3041 1061 3113 nollem3
1080 3061 1135 3100 cur

85 3149 154 3192 non
172 3135 245 3209 erit,
257 3135 292 3194 in
303 3135 388 3210 laeta,
403 3149 434 3195 et
446 3157 540 3216 quam
554 3134 752 3199 vehementer
764 3132 878 3216 cupio?
966 3207 969 3212 Ι

129 3243 196 3306 190.
211 3225 313 3288 AEneae
326 3237 436 3286 votum
451 3225 644 3286 felicissimus
658 3239 785 3286 eventus
800 3223 958 3302 sequitur:
973 3230 1135 3302 optaverat

83 3310 189 3372 videre
201 3333 324 3374 ramum
336 3337 463 3378 aureum
472 3339 483 3391 3*
496 3315 609 3376 adsunt
622 3315 727 3379 atatim
741 3313 896 3376 columbae
909 3311 1057 3392 gemiuae3
1076 3329 1132 3367 vo·

83 3401 153 3464 lant
161 3416 233 3467 ante
243 3405 340 3485 ipsius
352 3427 422 3480 ora,
432 3419 467 3468 ut
479 3405 543 3488 ejus
555 3428 646 3470 causa
658 3407 775 3466 venisse
788 3402 966 3474 videantur3
982 3398 1088 3460 sedent
1097 3397 1133 3458 in

84 3487 154 3550 solo
168 3489 277 3566 viridi,
289 3503 324 3553 ut
338 3512 375 3552 ex
383 3495 551 3575 pastnipso
562 3495 727 3576 augurium
741 3493 850 3551 AEncas
860 3488 977 3570 capiat:
994 3487 1134 3568 agnoscit

84 3650 175 3716 toria,
191 3650 288 3720 quinta
308 3652 410 3720 species
431 3650 505 3706 cedri
528 3663 584 3708 est:
623 3661 658 3708 ,et
674 3648 882 3721 pinguedinem,
900 3646 1008 3718 reliquae
1021 3643 1133 3700 arbores

84 3748 148 3782 nani
158 3727 256 3782 cedria
267 3727 340 3783 dicta
351 3743 391 3782 est
402 3732 479 3801 quasi
490 3728 587 3796 mopi-
630 3729 708 3786 simul
720 3731 749 3780 in
766 3745 831 3802 rogo
844 3739 977 3800 congesta
995 3725 1076 3782 facile
1088 3742 1133 3776 ac·

85 3829 121 3862 rec
133 3805 197 3877 δρυὸς
211 3805 292 3876 ripple,
308 3806 338 3860 id
352 3821 404 3876 est,
418 3809 521 3862 arboria
538 3809 587 3862 hu·
630 3807 789 3862 renduntur.

85 3907 146 3940 rnor
156 3888 282 3942 ardentis.
295 3889 366 3942 Serv.
375 3891 497 3942 —Picea
505 3890 585 3944 facile
668 3888 725 3960 193.
734 3887 980 3942 Maternas.Vcncri
989 3885 1070 3942 matri
1077 3901 1130 3938 sure

85 3972 195 4022 incensa
210 3981 321 4041 propter
336 3972 439 4042 picem,
453 3971 584 4038 resinam,
630 3982 816 4036 consecratas,
836 3981 952 4042 propter
970 3967 1066 4022 tetum
1078 3963 1136 4014 fre-
