2692 4594
229 261 293 325 230
426 321 428 330 ,
559 252 943 318 COMMENTARIA

268 381 317 459 93.
332 376 579 438 celebratissima
592 375 715 434 lronia:
733 374 873 456 expendo
887 386 951 434 tam
968 377 1165 452 orationem,
1181 397 1280 457 quam

230 469 334 529 locum
349 470 451 530 bunc:
467 469 567 527 oratio
577 465 643 526 haec
655 479 699 525 est
711 467 742 524 in
754 485 864 544 genere
876 463 1095 542 deliberativ03
1109 466 1184 526 finis
1196 467 1281 526 utili-

227 573 289 619 tas:
301 562 391 621 initio
406 575 452 620 est
464 560 633 631 concitata,
647 557 678 614 in
690 555 753 614 fine
763 558 887 616 remissa
898 569 928 616 et
938 558 1125 638 tranquilla,
1140 573 1177 616 ut
1191 556 1280 616 facile

225 652 324 730 possit
334 653 467 732 perspici
476 649 556 708 facta
570 646 780 706 versutissimo
792 647 917 706 animo:
933 649 1092 726 persuasio
1102 661 1163 723 est,
1177 660 1277 727 utpo-

224 741 291 800 sitis
303 741 512 801 simultatibus
524 759 583 820 pax
595 752 709 799 aeterna
721 737 879 811 firmetur,
894 750 986 816 atque
998 759 1032 797 ex
1046 738 1171 798 duabus
1184 739 1278 818 genti·

225 829 285 890 bus
300 855 381 892 unns
395 835 502 892 existat
515 830 665 913 populus,
682 829 737 908 qui
749 850 766 888 a
781 829 900 887 Venere
912 828 1006 887 simul
1020 843 1049 888 et
1063 852 1081 888 a
1094 831 1225 888 Junone
1235 849 1279 886 re-

224 936 333 1001 gatur:
348 922 532 984 haecomnia
545 941 584 982 eo
598 919 746 994 tendunt,
759 921 797 978 ut'
808 920 867 978 iter
883 921 985 979 AEneae
1000 921 1034 979 in
1049 918 1176 978 ltaliam
1191 938 1278 976 aver·

224 1019 321 1084 tatur;
335 1033 407 1071 nam
422 1010 487 1072 haec
500 1009 601 1090 major
614 1029 687 1068 cura
699 1009 857 1066 lunonem
870 1005 1034 1089 coquebat.
1046 1008 1162 1088 l'ncipit
1173 1018 1277 1065 autem

225 1095 267 1155 ab
282 1102 402 1179 egregia
419 1101 540 1174 ironia,
551 1119 620 1179 quae
635 1095 722 1156 vultu
730 1140 741 1170 ,
753 1109 856 1175 gestu,
868 1116 1024 1170 sermone,
1036 1115 1112 1154 voce
1124 1091 1277 1174 adjuvan-

223 1183 281 1242 da:
297 1186 364 1246 vult
375 1189 460 1246 duno
475 1199 605 1247 conatus
618 1184 746 1246 Veneris
759 1184 920 1260 minuere,
929 1191 1020 1265 atque
1032 1181 1198 1242 ostendere
1210 1179 1280 1238 nul·

224 1267 286 1330 lam
300 1273 424 1334 laudem
438 1276 477 1334 ab
490 1293 525 1334 ea
537 1285 768 1355 comparatam,
780 1269 928 1354 ducitque
942 1269 1142 1352 metaphoras
1153 1291 1172 1328 a
1181 1289 1215 1328 re
1225 1267 1279 1326 mi-

224 1357 306 1420 litari
320 1387 326 1419 :
345 1363 457 1423 referre
469 1366 553 1424 enim
568 1362 693 1422 laudem
706 1374 738 1419 et
751 1360 850 1440 spolia
865 1360 1014 1420 dicuntur
1027 1359 1135 1434 duces,
1151 1359 1278 1418 milites.

224 1451 324 1532 lgitur
344 1456 459 1535 putatis
479 1470 534 1514 vos
553 1454 616 1514 duo
636 1453 738 1536 refare
756 1471 825 1511 non·
845 1449 959 1512 nudem
981 1451 1097 1528 solum,
1118 1451 1173 1512 sed
1196 1449 1277 1510 hanc

225 1544 392 1620 eprepiams’
404 1563 468 1601 non
478 1539 571 1623 spolia
583 1554 721 1612 tanturn,
734 1539 787 1599 sed
801 1537 867 1600 haec
879 1537 1000 1621 asupha?
1011 1561 1077 1599 non
1090 1560 1201 1600 nomen
1212 1550 1279 1596 tan·

223 1641 289 1687 tum
305 1631 499 1712 famamque,
518 1632 569 1691 sed
585 1630 665 1690 hanc
678 1645 819 1712 mapnaat
834 1633 867 1690 et'
876 1627 1115 1690 memorabilem?
1134 1629 1220 1711 quod
1228 1629 1276 1710 se-

226 1719 322 1788 mina,
336 1731 365 1775 et
377 1716 443 1778 baec
458 1736 517 1778 unu
531 1721 570 1778 sit
582 1721 661 1778 victa
669 1717 738 1778 doto
749 1717 877 1800 duplicis
884 1721 1039 1793 Numinis,
1054 1719 1185 1778 Veneris
1197 1715 1277 1776 scili-

225 1818 287 1878 cet,
301 1819 331 1863 et
346 1808 529 1888 Cupidinis?
544 1809 630 1888 quasi
644 1827 794 1889 magnum
806 1808 955 1890 quiddam
969 1812 1024 1883 sit,
1036 1808 1239 1890 voluptatum
1248 1816 1277 1864 et

165 1957 168 1964 ⁴
226 1887 451 1981 blanditiarum
470 1899 614 1979 proesides
633 1899 785 1960 feminam
806 1919 902 1960 unam
919 1901 1038 1960 irretire
1053 1897 1231 1980 voluptate,
1248 1909 1277 1956 et

209 1989 213 1996 '
226 1982 404 2061 blanditiis,
419 1999 488 2069 quae
505 1991 588 2049 viros
601 2011 727 2071 quoque
739 2004 833 2071 atque
845 1991 922 2051 adeo
934 1991 1017 2071 ipsos
1027 1991 1109 2049 Deos
1120 1987 1223 2050 solent
1232 2006 1277 2045 ex·

225 2091 376 2153 pugnare.
394 2079 441 2136 An
453 2089 517 2138 u'nh
531 2079 687 2152 mortalis,
706 2093 736 2139 et
747 2079 871 2159 fragilis·
880 2079 1010 2139 immina
1024 2080 1123 2161 possit
1139 2078 1275 2137 resistere

227 2160 351 2224 duobus
361 2167 443 2240 Diis,
458 2170 480 2228 si
495 2169 517 2226 ii
532 2171 703 2249 praesertim
716 2170 875 2250 voluptate
889 2169 1068 2230 armentur?

264 2257 313 2333 96.
329 2256 522 2316 Concitatam
535 2259 689 2332 lroniam,
701 2277 771 2340 quae
781 2261 846 2317 viee
856 2260 916 2320 fuit
925 2257 1060 2334 exordii,
1072 2258 1187 2338 excipit
1196 2267 1276 2316 tran·
1328 2325 1329 2328 Ἴ

226 2346 322 2422 quilla
336 2349 436 2405 oratio
449 2372 455 2406 :
471 2351 533 2406 scio
546 2362 590 2422 te,
604 2371 623 2406 o
636 2353 755 2424 Venus,
767 2351 897 2410 veritam
910 2371 974 2409 esse
984 2361 1089 2410 nostra
1101 2349 1235 2422 moenia,
1248 2359 1276 2405 et

224 2426 369 2504 habuisse
383 2446 553 2513 suspectam
569 2433 806 2516 Carthaginem:
828 2438 900 2516 quia
914 2440 1020 2496 Venus
1035 2439 1070 2495 in
1084 2436 1189 2516 primo
1208 2435 1271 2492 AEn.

220 2518 353 2594 dixerat,
368 2544 474 2596 vereor,
488 2547 546 2606 quo
559 2547 588 2585 se
598 2527 732 2585 Junonia
743 2539 856 2586 uertant
867 2529 1014 2607 Hospitio.
1327 2589 1328 2614 ,

265 2613 314 2690 98.
329 2611 519 2674 Dehortatur
533 2637 551 2674 a
567 2618 660 2675 veteri
677 2615 767 2690 odio,
782 2616 913 2676 suadens
929 2631 1067 2678 artemam
1083 2637 1205 2696 pacem,
1222 2634 1272 2674 ne·

226 2718 286 2778 que
299 2697 380 2759 hanc
392 2700 509 2777 solum,
525 2702 575 2761 sed
587 2701 786 2784 conjugium3
801 2723 902 2783 neque
913 2701 973 2762 hoc
983 2701 1130 2784 simplex,
1142 2701 1196 2762 sed
1208 2723 1272 2782 pac·

222 2799 307 2862 tu‘m3
328 2791 358 2847 id
379 2801 439 2858 est,
454 2810 524 2852 cum
540 2793 670 2868 foedere,
690 2795 781 2853 sacris
798 2794 1014 2874 pactionibus:
1034 2794 1066 2852 et'
1077 2793 1116 2851 de
1131 2794 1271 2874 praesenti
1326 2863 1327 2866 Ἴ

223 2893 400 2951 exercemus,
414 2898 527 2960 urgens
539 2883 701 2941 Venerem.
719 2882 809 2940 Ratio
822 2901 877 2940 cur
891 2883 936 2940 ita
949 2892 1072 2962 urgeat3
1088 2881 1163 2960 quia
1180 2879 1272 2938 habes
1326 2877 1327 2924 l

218 2963 283 3042 jam
301 2983 336 3021 ex
354 2979 427 3024 voto
439 2978 494 3025 tuo
508 2981 663 3026 amantem
677 2967 850 3042 Didonem3
867 2970 931 3027 imo
948 2967 1124 3041 ardentem;
1145 2968 1210 3025 imo
1225 2965 1270 3024 fu·
1326 2925 1327 3019 l

221 3061 338 3108 rentem
349 3073 356 3124 ;
371 3073 444 3109 nam
462 3056 550 3112 traxit
551 3055 686 3134 sutorem
696 3076 749 3134 per
759 3067 833 3114 ossa'.

265 3161 331 3198 roa.
346 3138 528 3214 Conclusio,
543 3161 604 3220 qua
618 3142 685 3202 vult
695 3144 848 3225 Trojanos
860 3143 953 3204 simul
966 3158 995 3204 et
1004 3141 1270 3224 Carthaginienses
1325 3147 1326 3222 l

222 3245 322 3284 unum
338 3248 400 3298 esse
415 3227 585 3307 populum,
601 3224 732 3310 illosque
744 3232 837 3312 simul
852 3252 869 3292 a
882 3235 1001 3294 Venere
1016 3245 1045 3291 et
1056 3233 1186 3291 Junone
1198 3232 1267 3311 regi.
1325 3223 1326 3273 l

222 3313 369 3392 Expende
382 3317 411 3371 τὸ
426 3310 525 3385 liceat3
540 3318 628 3394 quasi
643 3316 739 3393 dieat;
752 3339 817 3378 non
832 3317 982 3380 debuerat
994 3320 1102 3379 licere:
1119 3320 1225 3399 itaque
1235 3320 1269 3376 ir·

221 3403 295 3458 risio
308 3414 352 3459 est
365 3415 465 3459 recta:
481 3423 555 3462 nam
567 3427 622 3466 cur
634 3407 726 3468 liceat
736 3411 848 3470 servire
863 3412 976 3470 marito
990 3409 1151 3492 Phrygio?
1162 3430 1269 3490 nempe

219 3486 340 3543 imbelli
355 3498 384 3542 et
399 3485 608 3568 effoeminato,
628 3508 663 3554 ut
681 3508 754 3555 sunt
774 3495 932 3580 Phryges?
946 3498 1000 3558 sed
1016 3509 1121 3556 tamen
1136 3518 1224 3556 nunc
1236 3497 1268 3554 li·

219 3583 295 3628 ceat·
309 3571 411 3628 Liceat
426 3593 564 3657 quoque,
581 3584 649 3662 pari
667 3582 825 3664 emphasi,
839 3586 1040 3666 peregrinum
1055 3584 1194 3664 accipere
1207 3604 1266 3642 am*
1323 3595 1324 3652 l

218 3725 307 3775 verbis
318 3725 408 3796 loqui,
421 3730 492 3784 aliud
503 3737 604 3807 agitare
614 3741 718 3806 animo,
804 3743 861 3794 103.
879 3743 1097 3815 liceatPlnyqio
1111 3743 1204 3794 servire
1216 3759 1266 3790 ma·

218 3803 263 3854 hic
278 3818 348 3857 certe
364 3809 435 3860 Juno
452 3826 477 3863 et
491 3815 580 3868 Venus
594 3817 719 3870 πολιτικαί·
764 3821 830 3883 rito,·
842 3841 885 3874 me
894 3843 925 3875 ac
933 3823 1083 3883 Didonem
1094 3823 1180 3874 Deam
1190 3833 1215 3872 et
1221 3821 1266 3871 lle·

217 3903 286 3935 aare·
308 3901 384 3938 sunt:
404 3905 517 3966 utraque
537 3900 645 3971 ingenio
665 3902 719 3972 agit
764 3902 873 3971 pinam
893 3904 992 3954 servire
1011 3901 1143 3973 Pdrypio,
1165 3899 1198 3952 itl-
1213 3912 1264 3960 est,

218 3963 326 4020 Punico.
341 3969 448 4024 Taubm.
764 3979 833 4032 exuli
851 3993 878 4033 et
896 3987 994 4034 serito:
1018 3979 1087 4032 nihil
1106 3978 1262 4050 malignius5
