2670 4596
218 261 257 341 af
546 251 926 321 GOMMENTABIA

454 349 456 352 -
1318 328 1319 365 t

161 384 168 397 ‘
216 381 337 443 vehebat
352 397 438 464 atque
456 383 611 442 Orontem:
631 377 710 438 illud
727 399 746 436 a
763 381 864 438 vertice
879 376 960 436 nihil
975 391 1022 438 est
1038 377 1141 454 aliud,
1163 392 1259 460 qnam
1318 377 1319 429 l

216 470 359 552 desuper.
374 473 578 553 Disepiminat
591 484 697 529 autem
708 470 875 548 Lyciorum
888 465 1008 528 cladem
1025 489 1043 526 a
1060 467 1183 549 duplici
1200 471 1259 528 cire
1318 464 1319 557 l

213 563 410 636 cumstantia,
420 559 590 619 videliceta
602 577 745 616 successu
756 557 983 637 gubernatoris,
994 576 1088 637 quem
1100 555 1156 616 hic
1166 571 1258 615 vocat
1318 564 1319 621 l

213 649 412 728 magistrum,
426 663 457 708 et
468 647 652 726 Leucaspim
665 643 827 724 intelligit3
840 658 901 704 eta
914 665 1059 704 successu
1071 647 1173 704 naris.
1186 645 1257 704 Hae
1318 650 1319 726 l

214 735 321 818 itaque
333 739 435 811 navis,
449 738 610 816 ingruente
620 754 772 814 aquarum
783 732 910 792 cumulo
921 753 977 814 per
988 735 1139 814 puppim,
1152 752 1257 791 neces·
1318 727 1319 776 l

214 825 297 884 sario
315 824 459 908 depressa
474 839 535 900 est,
554 844 615 904 qua
630 837 696 882 erat
710 824 843 904 puppis;
863 843 898 882 ac
915 821 1045 903 perinde
1062 820 1257 894 factumest,
1318 839 1319 870 t

214 925 251 971 ut
269 915 430 993 magister,
450 913 539 992 cujus
558 911 646 970 locus
665 925 712 970 est
730 911 867 991 puppis,
883 909 1038 990 pendente
1057 925 1088 969 et
1106 908 1256 970 inclinata

212 1019 306 1075 nave,
320 1003 386 1082 ipse
401 1021 526 1082 quoque
539 998 703 1081 penderet,
718 1011 861 1078 essetque
876 996 1044 1056 inclinatus
1056 1014 1064 1055 t
1076 995 1153 1056 ideo
1166 994 1255 1056 facile

214 1105 361 1146 excussus
379 1102 440 1163 est,
456 1102 487 1148 et
502 1085 595 1146 facile
613 1089 645 1144 in
662 1099 757 1165 caput
774 1086 997 1166 praecipitatus.
1015 1085 1100 1161 Quid
1115 1082 1155 1142 de
1170 1081 1257 1142 navi?

213 1171 303 1234 Illam
313 1176 424 1260 fluctus
447 1191 487 1236 ter
504 1176 609 1235 ibidem
629 1177 828 1254 circumagens
848 1187 969 1255 torquet,
990 1187 1127 1255 voratque
1145 1191 1256 1254 requam

213 1277 310 1323 vortex
322 1265 457 1344 rapidus:
473 1285 571 1346 quum
588 1263 646 1336 ait,
669 1275 721 1336 ter,
744 1260 883 1342 intellige
900 1283 981 1342 saepe
997 1281 1110 1320 navem
1126 1262 1258 1319 eircum-
1318 1297 1319 1356 q

213 1363 314 1408 actam
328 1372 363 1410 ac
377 1365 505 1426 tortam,
519 1373 556 1410 ex
568 1371 630 1430 qua
642 1351 884 1409 circumactione
897 1364 928 1409 et
942 1351 1078 1409 tortione
1091 1361 1200 1408 secuta
1213 1360 1257 1406 cst
1318 1385 1319 1438 t

212 1436 330 1512 clades,
351 1438 498 1499 videlicet
512 1438 682 1497 devoratio.
699 1437 846 1518 Expende
863 1437 916 1496 hic
932 1439 1116 1497 varietatem
1134 1434 1256 1496 calami·
1318 1439 1319 1512 l

213 1539 331 1586 tatum:
357 1526 470 1586 accidit
495 1527 613 1608 quippe
636 1527 708 1585 navi
731 1527 913 1605 Lyciorum,
937 1539 1044 1584 contra
1067 1544 1165 1605 quam
1187 1522 1255 1581 navi
1318 1515 1319 1608 l

204 1614 313 1672 AEneae
325 1635 332 1670 ε
345 1611 410 1674 haec
424 1613 570 1696 depressa
583 1627 659 1672 esta
672 1633 780 1694 prora,
793 1613 874 1672 elata
887 1634 904 1672 a
916 1614 1017 1694 puppi
1030 1635 1036 1670 ι
1049 1613 1140 1671 navis
1151 1611 1256 1692 Lycio·
1318 1611 1319 1680 l

212 1721 283 1760 rum
296 1701 441 1784 depressa
455 1719 501 1764 est
514 1726 531 1762 a
544 1705 659 1785 puppi,
672 1702 752 1762 elata
766 1724 782 1760 a
795 1723 898 1784 prora.
1318 1687 1319 1782 l

257 1793 321 1850 118.
333 1793 477 1873 Sequitur
486 1793 713 1868 discriminatio
723 1793 880 1850 variorum
892 1785 1030 1860 casuum.
1038 1792 1254 1872 Apparent(en

212 1882 342 1950 verbum
362 1897 559 1962 gestuosam,
578 1884 623 1941 ait
640 1881 791 1962 Scaliger)
810 1885 869 1942 rari
889 1895 1004 1956 nantes,
1024 1879 1105 1940 ethi
1126 1884 1159 1940 in
1179 1893 1254 1940 vasto
1318 1875 1319 1934 l

209 1974 332 2052 gurgite.
350 1974 431 2032 Mira
448 1975 609 2055 oppositio
625 1993 661 2032 ex
678 1975 837 2054 paucitate
854 1975 1046 2045 natantium,
1066 1985 1098 2031 et
1112 1972 1253 2031 vastitate
1318 1937 1319 2002 l

211 2059 316 2118 maris.
328 2061 391 2120 Gur
400 2064 494 2121 etiam
505 2063 583 2120 ruti?
593 2063 665 2142 quia
676 2063 769 2142 pauci
781 2059 918 2120 natando
927 2059 1060 2120 salutem
1070 2058 1253 2139 consequuti

180 2147 183 2153 ’
212 2161 300 2222 sunt3
321 2153 394 2209 nam
407 2151 512 2232 plures
528 2151 671 2211 demersi.
688 2152 847 2232 Apparent
858 2171 943 2208 anna
955 2152 1065 2222 virum,
1084 2147 1118 2208 id
1131 2163 1194 2222 est,
1212 2170 1254 2206 ar·

210 2253 381 2314 rnamenta,
397 2255 428 2299 et
438 2243 645 2308 instrumenta
657 2242 801 2299 nautica:
817 2239 959 2300 thoraces
972 2241 1105 2319 quippe,
1120 2253 1150 2299 et
1165 2237 1255 2317 galeae

211 2325 460 2406 deprimerentur
477 2339 542 2409 prae
560 2330 708 2409 pondere.
728 2328 883 2387 Corradus
900 2345 1066 2386 occurrens
1084 2325 1254 2406 objectioni

210 2413 315 2474 hastas
326 2417 482 2496 intelligit.
493 2418 653 2498 Appareut
664 2415 769 2478 tabula
779 2417 923 2488 navium3
934 2427 1064 2496 apparet
1074 2417 1166 2474 Troia
1172 2435 1252 2496 gaza.

209 2503 368 2562 Excitatus
381 2502 434 2563 hie
444 2505 553 2584 ingens
563 2503 793 2562 commiseratio
807 2523 824 2560 a
839 2501 1053 2582 magnitudine
1063 2502 1197 2581 jacturae
1209 2523 1252 2562 re·
1318 2501 1319 2576 l

208 2611 279 2650 rum
289 2588 1253 2672 pretiosissimarum,videlicetvestium,tapetium,supellec·
1318 2579 1319 2650 l

209 2678 332 2738 tilium:
346 2677 460 2740 horum
475 2678 612 2760 dignitas
627 2698 771 2759 expressa
787 2691 833 2736 est
846 2697 923 2736 voce
938 2679 1070 2736 Persica.
1087 2677 1253 2759 Complent

208 2767 418 2828 miserandam
429 2767 998 2849 tragoediamnavesquatuoramissae,
1008 2765 1157 2826 videlicet
1167 2769 1253 2825 navis
1318 2761 1319 2824 l

206 2856 334 2930 Ilionei,
347 2857 486 2932 AchatiS,
498 2855 644 2932 Abantis,
655 2854 775 2916 Alethis
788 2877 794 2912 :
808 2875 880 2914 uam
895 2854 943 2914 hee
956 2876 1065 2915 omnes
1078 2858 1168 2915 victae
1181 2870 1254 2915 tem·

205 2955 341 3023 pestate,
357 2961 502 3024 accepere
514 2946 672 3024 ingentem
685 2959 836 3022 aquarum
850 2945 990 3024 copiam,
1006 2964 1041 3003 ac
1056 2945 1082 3002 si
1096 2935 1250 3025 depressae

207 3043 290 3090 sunt.
298 3029 380 3089 lllud
388 3033 468 3089 rimis
468 3032 622 3114 fatiscunt,
632 3044 687 3106 est,
698 3029 921 3105 dissolvuntur,
930 3033 1126 3114 aperiuntur,
1138 3049 1252 3114 aquam

206 3117 377 3178 admittunt
393 3139 449 3200 per
465 3120 574 3195 rimaS,
592 3117 682 3178 fatim
699 3118 883 3201 affatimque
896 3119 1021 3180 hiscunt
1034 3119 1148 3180 solutis
1165 3142 1251 3182 com·
1318 3147 1319 3200 ἦ

205 3203 364 3296 Ρειῧίῐηιέ.Ι
433 3294 435 3302 .

205 3400 319 3468 caepim,
332 3411 358 3451 et
370 3395 453 3473 Lycia
463 3401 702 3456 duetoremclassis
747 3404 799 3456 lato
815 3417 937 3474 quartam
952 3407 980 3458 iu
996 3406 1083 3476 prima
1099 3405 1220 3477 syllaba,-
1236 3421 1250 3454 a

206 3477 367 3528 Orontem.»
384 3480 490 3532 Taubm.
748 3484 776 3537 V
773 3485 847 3535 errice
865 3503 913 3555 per
929 3505 944 3536 e
960 3485 1079 3537 vocalem
1102 3485 1250 3537 secundam

245 3567 302 3622 117.
315 3556 429 3626 AEquore
440 3570 534 3611 vortam
550 3563 646 3614 Mirum
662 3577 702 3616 est
747 3561 932 3636 distinguente.
952 3566 1082 3616 Praeterea
1097 3564 1155 3616 Sos.
1169 3565 1249 3616 ¹Cari-

206 3651 284 3703 quam
296 3649 364 3702 saepe
373 3636 491 3688 invenias
501 3652 600 3708 vortex,
612 3657 638 3695 et
649 3663 701 3695 ver·
745 3645 799 3693 sius
817 3655 900 3695 vertex
919 3664 934 3695 a
952 3645 1101 3709 vertendo,
1125 3657 1249 3698 vortexa

204 3723 245 3763 tex
256 3709 440 3762 indifferenter
450 3715 529 3768 scribi
541 3721 568 3770 in
581 3723 698 3792 antiquis
744 3723 864 3774 vorando
881 3721 954 3776 dicta
971 3737 1058 3796 putat.
1075 3725 1142 3775 Vult
1158 3737 1247 3776 autem

203 3788 357 3852 codicibus,
381 3790 454 3860 quod
475 3793 544 3846 idem
563 3815 620 3851 esse
642 3801 698 3852 vult
743 3799 841 3850 Plinius
864 3803 995 3854 Verticem
1020 3805 1168 3856 immanem
1193 3805 1246 3854 vim

201 3868 347 3920 Arusianus
365 3869 483 3932 Messus3
503 3875 590 3947 Capro
608 3890 696 3931 tamen
742 3880 855 3949 impetus
863 3879 1023 3948 habere:ut,
1035 3884 1152 3955 nlngens
1163 3878 1181 3935 {a
1189 3902 1247 3934 ver*

201 3964 254 3998 non
267 3957 364 4000 temere
381 3947 409 4002 V
405 3949 507 4002 orticem
521 3971 569 4023 per
586 3974 600 4006 ο
617 3975 698 4010 roca·
741 3959 793 4010 tice
803 3961 901 4012 Pontus
912 3985 923 4008 n
936 3984 942 4012 ι
956 3963 1094 4015 Vorticem
1109 3981 1176 4016 vero
1193 3963 1246 4014 eir*
