2692 4594
326 332 380 397 iu
403 331 641 398 nunruos
664 333 758 398 niu.
783 333 847 398 rv.
1047 345 1109 434 237

51 454 172 513 nentia
186 473 205 514 a
219 473 330 515 venere
345 453 520 536 prohibita3
535 475 610 514 nam
621 456 741 514 castitas
755 467 799 516 est
811 455 992 520 abstinentia
1005 483 1022 522 a
1035 486 1111 546 qua.

49 561 199 621 cumque
208 563 329 603 venere.
342 543 437 602 Poeta
447 540 641 600 luculentum
651 541 794 602 femineae
804 544 926 604 virtutis
935 552 1112 632 exemplum

51 633 90 690 in
107 632 213 691 Elissa
227 633 405 707 constituit,
420 631 564 712 adquam
577 631 816 713 expugnandam
829 633 1069 718 opusfuitDeo,
1083 656 1114 704 et

52 723 199 802 ipsomet
209 721 381 804 Cupidine,
394 733 424 780 et
432 731 598 802 praesente,
608 732 639 778 et
652 723 737 780 virus
749 741 805 802 per
814 722 920 782 oscula
928 725 1112 807 inspirante:

52 812 259 870 conveniunt
273 813 367 871 etiam
379 811 464 869 Juno
478 822 508 868 et
516 811 621 868 Venus
634 808 674 868 ad
683 809 774 868 illum
784 811 926 871 animum
938 829 1115 900 expugnem.

52 899 155 976 dum,
174 899 316 960 offerunt
335 898 518 980 speluncam
534 895 699 957 obscuram
713 899 747 956 in
762 897 834 958 loc'o
847 899 914 960 solo
929 923 963 962 ac
977 903 1116 973 deserto:

51 984 108 1046 his
123 985 382 1046 machinis-dueta
395 996 439 1044 est
449 984 489 1044 ad
500 984 708 1066 voluptatem,
723 1005 825 1065 neque
838 987 921 1046 enim
934 991 1021 1066 satis,
1031 999 1118 1074 quod

52 1075 175 1133 AEneas
189 1075 356 1134 natusDea
368 1084 457 1147 esset,
473 1072 558 1153 quod
573 1093 607 1132 os
623 1071 811 1154 humerosque
824 1077 891 1146 Deo
901 1075 1021 1138 similis:
1036 1084 1118 1144 victa

52 1163 193 1238 tandem
205 1166 248 1223 ita
263 1161 534 1244 reprehensionem
543 1163 642 1244 fugit,-
656 1164 699 1223 ita
708 1161 877 1244 prohibitae
886 1169 1008 1234 veneris
1021 1175 1118 1254 auspi*

53 1256 189 1314 cionem
205 1267 343 1330 amovet,
358 1266 394 1314 ut
407 1275 546 1315 amorem
559 1252 644 1314 huno
656 1275 722 1314 non
735 1253 888 1314 furtivum
902 1258 1051 1340 appellet,
1065 1264 1119 1324 sed

54 1362 136 1402 vere
149 1340 346 1423 conjugium.

103 1430 178 1510 173.-
191 1429 328 1491 Didonis
340 1429 461 1491 facinus
475 1431 527 1490 vix
540 1428 710 1490 admissum
724 1429 758 1488 in
773 1445 900 1489 omnem
912 1431 1048 1493 Africam
1061 1438 1119 1496 Fa·

56 1539 115 1577 ma
131 1519 238 1578 statim
252 1519 377 1596 detulit,
397 1533 432 1581 ut
445 1534 490 1580 est
506 1517 571 1601 ejus
588 1532 700 1580 natura
706 1542 715 1594 3
730 1530 759 1578 et
771 1541 824 1600 per
838 1541 960 1602 moqnas
975 1523 1070 1598 urbes,
1086 1529 1120 1586 in

59 1603 184 1687 quibus
192 1606 284 1666 multi
295 1608 387 1668 otiosi
398 1607 592 1689 aucupandis
601 1618 630 1666 et
637 1605 817 1688 spargendis
825 1606 1004 1670 rumoribus
1013 1611 1119 1674 dediti.

106 1693 177 1777 174.
190 1697 241 1756 Ait
250 1697 379 1757 Famam
392 1717 455 1757 esse
464 1697 599 1772 malum,
613 1716 676 1778 quo
691 1687 816 1754 nullum
830 1696 982 1758 velocius:
996 1701 1131 1780 probat,

9 1813 15 1824 ·
59 1785 142 1866 quia
151 1787 230 1868 viqet
237 1784 411 1861 mobilitate,
426 1785 521 1848 eundo
531 1787 656 1867 acquirit
664 1787 746 1845 vires.
757 1785 851 1862 Quod
860 1783 920 1845 hoc
930 1793 1119 1851 monstrum!

59 1877 176 1934 omnia
190 1873 297 1936 labore
310 1875 499 1958 fatigantur,
513 1876 718 1951 minuuntur,
733 1872 929 1937 decrescunt:
946 1879 1042 1939 Fama
1057 1901 1121 1941 una
1165 1903 1168 1914 ¹

58 1963 151 2043 viget
162 1961 272 2023 labore
284 1963 416 2024 assiduo.

109 2052 179 2132 176.
189 2054 243 2111 Est
252 2051 318 2114 haec
327 2065 442 2115 natura
450 2056 568 2128 Famae,
580 2065 616 2113 ut
625 2051 740 2114 haereat
751 2055 905 2135 primum,
918 2067 948 2112 et
958 2075 1054 2135 parua
1066 2059 1121 2136 sit,

60 2151 211 2198 'metuens
229 2138 344 2199 seilicet
361 2140 527 2222 redargui:
548 2159 622 2199 mox
641 2160 704 2199 sese
723 2142 865 2198 inauras
877 2139 999 2199 attollat
1005 2163 1013 2214 3
1028 2163 1122 2203 mun·

18 2275 22 2282 .
59 2229 146 2290 dum
161 2241 304 2310 occupet;
319 2229 409 2292 ethis
423 2252 490 2292 non
504 2241 665 2303 contenta,
686 2242 780 2310 caput
799 2230 893 2287 etiam
909 2229 1024 2289 condat
1040 2233 1122 2295 inter

59 2319 191 2380 nubilae
210 2318 384 2380 Prudenter
402 2332 571 2380 extremum
590 2317 665 2395 hoe,
684 2319 728 2377 ait
743 2318 909 2393 Jovianus,
929 2339 1003 2378 nam
1023 2315 1129 2402 quum*

61 2405 275 2466 Famamulta
283 2407 420 2488 evulget,
431 2427 501 2488 quae
511 2425 639 2481 verane,
651 2426 691 2464 an
700 2403 777 2465 falsa
786 2406 863 2479 siut,
873 2425 940 2465 non
950 2409 1021 2467 satis
1030 2412 1121 2471 scias:

62 2496 125 2556 illa
137 2494 254 2555 dieitur
263 2508 356 2578 caput
368 2496 502 2557 condere
514 2497 594 2556 inter
608 2491 740 2570 nubila,
748 2493 833 2576 quod
846 2493 990 2556 videlicet
1001 2501 1124 2582 assequi

63 2604 209 2666 nequeas
223 2587 383 2646 veritatem
397 2587 540 2662 illorum,
558 2605 627 2666 qua
641 2585 696 2644 illa
708 2584 900 2659 disseminat.

113 2673 181 2754 178.
196 2673 329 2753 stringit
337 2672 402 2756 jam
411 2675 528 2734 natales
538 2675 656 2754 primos
666 2674 780 2731 Famae.
790 2672 952 2746 Quantum
962 2692 997 2730 ea
1006 2683 1051 2732 est
1060 2695 1123 2734 ma·

64 2763 154 2838 lum,
171 2782 241 2844 quae
259 2783 348 2823 soror
366 2767 528 2844 gigantum
546 2761 609 2821 Caei
626 2773 718 2840 atque
733 2759 899 2834 Enceladi,
918 2771 948 2818 et
961 2763 1064 2840 genita
1082 2765 1121 2822 ab

63 2854 148 2910 irata
161 2851 344 2933 imitataque
359 2865 473 2927 matre,
487 2863 517 2910 et
530 2862 605 2908 nata
618 2846 745 2928 quidem
760 2848 793 2905 in
806 2846 959 2906 ultionem
969 2849 1123 2926 Deorum,

67 2951 184 2999 contra
196 2940 279 3021 ipsos
291 2940 361 3000 dico
376 2943 473 3014 Deos,
488 2960 523 3000 ac
537 2938 666 2998 demum
682 2947 939 3016 extremopartu,
954 2939 1042 3016 quasi
1057 2961 1123 2999 non

67 3039 220 3088 contenta
235 3028 337 3090 Tellus
348 3041 397 3090 tot
407 3041 547 3090 monstra
557 3025 749 3110 profudisse,
764 3029 893 3086 Famam
903 3023 1046 3104 ediderit,
1060 3050 1125 3088 nra-¹

67 3115 142 3176 lum
153 3119 315 3198 praeteritis
329 3117 441 3194 dirius,
457 3119 581 3194 saevius,
597 3116 744 3176 atrocius!

120 3207 185 3264 18r.
200 3207 271 3266 Tria
281 3206 358 3266 dicit
367 3229 444 3283 esse,
456 3221 631 3280 monstrum,
641 3218 672 3265 et
684 3203 873 3278 horrendum,
887 3215 917 3263 et
929 3207 1044 3286 inqens:
1055 3225 1124 3285 quae

70 3305 249 3374 sequuntur
258 3293 306 3354 his
317 3295 417 3355 tribus
428 3295 626 3378 respondent.
638 3293 816 3353 Monstrum
828 3305 872 3351 est
883 3311 955 3350 sane
968 3290 1060 3366 illud,
1073 3295 1123 3354 cui

72 3396 157 3466 quot
168 3383 299 3464 plu-mre,
311 3397 359 3446 tot
368 3386 467 3464 oculi,
480 3385 610 3467 linguae,
620 3404 691 3465 ora,
702 3403 788 3442 aures
801 3404 814 3440 :›
822 3378 1031 3458 horrendum,
1050 3403 1124 3442 nam

72 3473 165 3532 volat
178 3493 234 3554 per
245 3475 385 3535 medium
399 3476 483 3550 caeli,
498 3495 599 3536 aerem
612 3472 767 3554 intellige,
782 3490 899 3552 perque
911 3471 1053 3531 umbram
1064 3486 1125 3534 tera

72 3583 133 3637 rae,
149 3575 180 3622 et
194 3582 265 3622 cum
277 3564 407 3624 stridore
417 3585 580 3647 nunquam
592 3563 750 3623 dormiens
760 3562 910 3640 ringens,
919 3581 994 3620 nam
1006 3564 1126 3622 territat

74 3653 170 3715 urbes
181 3673 321 3735 magnas.
333 3655 504 3738 Regredior
517 3655 557 3715 ad
570 3651 720 3737 quasdam
732 3649 874 3710 notulas:
890 3649 1003 3710 dicitur
1013 3649 1125 3712 habere

74 3816 219 3879 formitas,
237 3815 310 3886 quod
326 3834 380 3866 non
402 3817 429 3866 in
444 3811 581 3875 thalamo,
626 3813 728 3866 cilioet
744 3823 840 3864 natura
858 3813 935 3863 famae
951 3811 1029 3864 ovid.
1046 3828 1125 3864 aceu-

79 3893 171 3947 sedin
187 3893 315 3963 spelunca
327 3894 523 3956 concubuerat,
534 3892 582 3946 sed
626 3904 687 3950 rate,
697 3891 805 3942 Metam.
820 3891 884 3956 Xll,
899 3890 929 3956 41
950 3903 976 3942 et
993 3909 1066 3962 seqq.
1084 3891 1124 3942 De

79 3995 131 4029 nec
143 3976 237 4026 futura
249 3991 310 4024 mox
318 3973 399 4026 fama.
409 3974 478 4026 Sero.
583 4021 588 4032 ,
628 3969 737 4040 reliquis
748 3969 808 4024 vide
819 3969 964 4022 Excursum
970 3969 1020 4034 111,
1028 3969 1080 4019 vol.
1091 3986 1130 4034 rr,-

121 4053 182 4124 175.
198 4049 586 4138 nobilitareviqer.1tedoni·
629 4069 690 4122 paq.
707 4047 765 4105 563.
833 4130 834 4134 Ἰ
