2676 4602
218 273 302 354 ma
549 265 933 332 counanimis

214 395 310 470 illud,
329 414 394 454 non
409 405 440 451 te
456 409 545 449 amor
558 401 666 448 noster
683 401 775 448 tenet:
791 401 838 448 est
850 391 932 448 enim
946 389 1077 450 verbum
1089 391 1151 453 hoc
1164 393 1266 455 ambi-

215 504 327 564 guum,
346 501 407 540 non
423 493 448 539 te
463 489 538 537 tenet
550 489 646 537 noster
657 497 754 549 umor,
778 474 809 534 id
825 490 887 551 est,
906 498 971 536 non
986 482 1139 540 moraris:
1158 485 1262 563 itaque

215 591 313 651 quum
329 567 404 627 velit
421 564 505 626 Dido
525 578 699 624 extremum
719 562 781 624 hoc
801 563 920 639 dicere,
939 567 1079 626 insinuat
1099 567 1179 628 illud
1196 572 1258 651 pri-

214 680 317 732 mum,
339 679 403 716 non
425 675 498 714 ausa
518 653 685 713 affirmare.
708 654 780 712 Pari
802 651 1007 733 ambiguitate
1027 671 1137 736 postea
1155 659 1257 717 AEueas

214 744 332 824 (affero
345 744 404 805 boc
418 742 503 818 loco,
523 743 597 824 quia
611 739 662 801 hic
676 739 790 800 melius
804 739 844 800 ad
858 742 1110 821 cognoscendam
1126 759 1259 804 mentem

215 839 334 919 poetae)
344 833 528 916 respondet3
539 835 597 892 Hie
607 851 705 904 amor,
716 829 778 891 lioec
785 833 883 913 patria
891 845 947 892 est.-
960 835 1050 914 quasi
1062 833 1162 910 dicat,
1174 835 1261 894 ltalia

215 939 262 984 est
278 944 366 984 meus
387 944 488 992 amor,
508 942 572 982 non
592 933 644 979 tu:
663 923 769 1001 itaque
787 941 886 1002 quum
902 923 1039 1003 primum
1056 922 1135 982 velit
1149 923 1262 998 dicere,

218 1026 389 1073 extremum
411 1012 567 1070 insinuat:
588 1030 661 1068 nam
676 1011 746 1091 quis
766 1008 849 1068 clare
868 1008 963 1085 dicat,
984 1033 1044 1071 nou
1060 1025 1085 1072 te
1101 1033 1186 1086 amo,
1203 1013 1265 1070 nisi

214 1103 309 1161 etiam
326 1103 360 1160 in
372 1114 480 1183 aperto
494 1098 616 1174 furore,
635 1113 666 1159 et
683 1119 782 1180 quum
794 1098 859 1178 jam
877 1119 924 1159 res
939 1101 1059 1181 geritur
1072 1101 1262 1181 petulanter,

216 1201 246 1249 et
256 1190 393 1250 furiose?
544 1247 548 1250 .

252 1279 321 1339 308.
342 1277 530 1339 Sceleratum
545 1276 680 1350 dixerat,
701 1298 801 1358 quum
817 1276 975 1337 nefarium
992 1280 1132 1354 vocavit,
1151 1276 1265 1360 probat

209 1368 276 1446 jam
287 1389 350 1428 esse
360 1367 555 1428 sceleratum.
568 1365 672 1427 Scelus
682 1367 766 1426 enim
777 1387 902 1448 semper
912 1368 945 1426 in
956 1387 988 1426 se
998 1366 1137 1427 involvit
1146 1369 1263 1426 crimen

214 1453 378 1516 homicidii
399 1470 430 1515 et
451 1455 564 1515 caedis:
587 1453 641 1514 sed
662 1476 721 1536 pro
743 1453 857 1514 scelere
876 1453 990 1514 maluit
1008 1457 1106 1538 nenses,
1132 1457 1263 1537 quaesita

215 1566 302 1621 voce,
314 1547 404 1606 unice
417 1544 457 1604 ad
470 1543 649 1626 augendum
661 1547 779 1604 crimen
792 1567 798 1604 :
812 1541 899 1604 nefas
910 1545 994 1604 enim
1003 1545 1139 1605 involvit
1147 1547 1263 1604 crimen

214 1633 247 1690 in
262 1631 461 1713 religionem,
481 1646 513 1692 et
526 1632 598 1694 ideo
614 1635 749 1694 atrocius
765 1631 897 1692 scelere:
917 1646 951 1692 tu
964 1653 1038 1714 ergo
1053 1631 1208 1707 nefarius;
1231 1646 1262 1690 tu

216 1719 399 1796 sceleratus,
410 1741 505 1802 quem
515 1737 620 1782 tenere
631 1723 700 1803 ipsa
710 1741 832 1803 nequeo
842 1722 996 1780 moritura
1005 1720 1125 1781 crudeli
1136 1719 1263 1780 funere:

215 1807 301 1889 qnod
318 1810 402 1868 enim
419 1811 522 1890 majus
541 1810 645 1885 nefas,
667 1808 752 1890 quod
767 1807 868 1870 scelus
885 1809 1004 1888 majus,
1026 1830 1139 1890 quam,
1158 1821 1264 1890 spreta

215 1897 367 1978 religione
386 1911 416 1959 et
433 1899 494 1959 lide
514 1901 571 1978 (en
586 1899 707 1979 nefas),
725 1919 776 1959 me
791 1897 830 1960 ad
846 1911 978 1960 mortem
994 1897 1165 1958 crudeliter
1177 1917 1264 1958 com-

214 1985 348 2067 pellere?
361 1989 417 2067 (cn
429 1988 539 2050 scelus.
548 1992 568 2068 ).

251 2074 319 2154 3⁰9·
338 2078 481 2138 Tacitum
498 2079 705 2162 fugacemque
721 2078 858 2155 dixerat3
874 2078 940 2161 jam
957 2079 997 2139 ad
1015 2077 1078 2138 hoe
1096 2077 1216 2151 tendit,
1235 2089 1265 2136 et

211 2161 281 2222 vult
295 2163 377 2224 hanc
390 2164 497 2248 fugam
510 2168 706 2245 dissuadere,
719 2167 780 2228 sibi
791 2167 959 2229 consulens
969 2189 1026 2250 per
1035 2168 1177 2248 speciem
1189 2164 1264 2226 alie·
1329 2203 1330 2271 q

211 2271 259 2310 nae
277 2252 432 2314 utilitatis.
452 2257 521 2314 Non
542 2254 630 2315 vides
647 2257 705 2320 tibi
720 2259 893 2339 perniciem
907 2257 1026 2338 parari,
1048 2256 1103 2336 qui
1117 2274 1175 2335 per
1190 2251 1264 2334 bye-

211 2360 311 2414 mem,
332 2362 389 2420 per
407 2343 528 2402 medios
547 2344 734 2424 Aquilones,
751 2368 816 2406 non
834 2345 940 2426 legens
959 2345 1067 2418 litora,
1086 2343 1142 2404 sed
1162 2341 1265 2402 altum

214 2448 336 2501 secans,
352 2444 381 2488 te
395 2429 433 2488 ad
449 2431 557 2512 fugam
569 2435 749 2514 comparas?
760 2450 796 2494 tu
808 2455 881 2514 ergo
895 2437 930 2494 in
945 2448 975 2494 te
986 2432 1137 2508 crudelis,
1152 2453 1220 2491 non
1232 2433 1265 2489 in
1328 2451 1329 2514 ᾗ

212 2533 264 2574 me
279 2527 418 2591 tantum3
430 2532 464 2577 tu
476 2520 634 2599 pertinax,
646 2534 681 2578 tu
693 2523 882 2583 obstinatus⁸
895 2525 946 2583 Ait
955 2520 1069 2582 moliris
1080 2523 1218 2602 signate,
1230 2531 1266 2578 ut
1328 2525 1329 2584 ζ

212 2600 343 2678 indicet,
365 2625 459 2684 qnam
474 2603 605 2666 difficile
619 2608 661 2666 sit
672 2610 819 2689 navigare
834 2631 892 2691 per
904 2608 1065 2692 hyemem,
1087 2624 1123 2669 ut
1138 2611 1184 2668 ita
1198 2609 1264 2668 dis·

210 2692 339 2753 suadeat
349 2693 466 2776 fugam.
477 2697 529 2755 Ait
539 2694 744 2776 Aquilonibus,
757 2698 875 2779 eligens
885 2714 1015 2758 ventum
1024 2702 1170 2759 omnium
1181 2712 1265 2757 atro-

211 2783 384 2858 cissimum,
395 2785 466 2844 etin
476 2783 593 2866 plurali
603 2785 641 2843 ad
654 2785 833 2866 augendum
844 2801 978 2848 metum:
989 2807 1140 2868 ergo,per
1149 2786 1263 2861 altum,
1327 2829 1328 2866 ss

211 2883 331 2930 etcum
349 2871 572 2954 Aquilonibus,
589 2885 619 2932 et
632 2871 765 2934 hiberno
778 2887 920 2956 tempore
932 2897 997 2934 non
1011 2873 1174 2936 debuisses
1188 2877 1264 2934 Tro·
1327 2869 1328 2907 l

208 2956 274 3038 jam
287 2974 407 3042 petere,
423 2963 516 3021 etiam
532 2961 558 3019 si
574 2981 609 3020 ea
623 2961 747 3021 floreret
761 2975 917 3043 staretque
929 2963 1114 3038 incolumis,
1129 2977 1167 3022 ut
1182 2963 1264 3020 anti-

212 3051 318 3128 quitus
333 3065 405 3109 ante
415 3065 578 3132 acceptam
590 3050 712 3110 cladem
723 3050 798 3126 fuit3
811 3065 930 3132 quanto
941 3053 1045 3111 minus
1057 3049 1161 3110 aliena
1172 3070 1262 3125 arva,

211 3139 334 3217 ignotas
352 3137 482 3197 domos?
499 3140 528 3198 Si
547 3138 631 3196 enim
645 3138 738 3220 Troja
752 3161 818 3200 non
833 3138 972 3200 adiretur
984 3160 1057 3200 cum
1074 3152 1164 3198 tanto
1177 3139 1261 3219 peri·
1326 3211 1327 3214 Ἴ

210 3226 296 3301 culo,
309 3247 364 3286 cur
378 3225 486 3285 ltalia?

249 3314 317 3388 314.
330 3318 488 3374 Hactenus
502 3311 594 3373 haesit
608 3316 640 3374 in
652 3315 800 3396 perfidia,
818 3316 950 3392 scelere,
968 3315 1059 3397 fuga,
1080 3331 1156 3374 cum
1172 3316 1260 3374 omni

209 3399 378 3459 verborum
391 3400 573 3460 atrocitate:
588 3423 659 3484 quaa
671 3419 861 3486 sequnntur,
876 3404 997 3464 leniora
1009 3417 1116 3478 erunt,
1135 3416 1172 3461 ut
1187 3403 1258 3462 ilec-

208 3503 268 3548 tat:
284 3493 350 3561 Me,
364 3494 515 3567 ἑμφατικὼς,
532 3513 600 3573 quae
614 3507 643 3552 te
656 3507 703 3554 tot
716 3493 875 3556 beneficiis
888 3493 1053 3576 complexa
1066 3493 1255 3576 sumifuqis,
1325 3509 1326 3512 ’

208 3597 273 3660 pon
282 3590 461 3656 exspectans
468 3590 591 3662 tempus
599 3581 816 3662 profectionis.
827 3585 1006 3665 Sequuntur
1013 3582 1254 3642 obtestationes:

208 3668 267 3723 Per
286 3662 442 3744 lacrymas,
460 3689 512 3750 per
530 3669 676 3745 dextram,
695 3671 851 3754 lacrymas
870 3693 972 3748 meas,
991 3671 1135 3732 dextram
1156 3685 1254 3741 tuam;

244 3822 304 3874 311.
323 3822 441 3876 Crudelis.
460 3828 545 3879 Etiam
558 3830 585 3880 in
601 3842 626 3880 te
644 3830 707 3881 odio
753 3845 823 3883 sunt.
836 3863 870 3872 -
882 3833 1029 3902 Domosque
1049 3829 1165 3902 Ignotus.
1183 3829 1222 3880 Ac
1236 3829 1256 3878 si
1324 3849 1325 3865 π

207 3902 323 3952 meizsic
333 3900 455 3956 Lucanus
465 3905 498 3958 de
506 3907 623 3974 Caesare,
636 3910 706 3962 «Sae-
751 3911 853 3964 diceret
871 3934 876 3962 :
896 3910 1031 3982 Carthago
1049 3911 1103 3979 jam
1122 3907 1172 3958 tibi
1193 3919 1256 3958 nota

207 3981 273 4032 vitia
286 3993 326 4032 est
339 3979 454 4036 voluisse
473 3988 549 4037 mori.
564 4011 574 4033 n
589 4017 624 4027 --
636 3988 706 4039 Arva
749 3985 1254 4060 est.Seru.Vanaingenia,animileves,
1317 3971 1324 4026 ¹,

205 4061 300 4115 aliena.
311 4060 429 4131 Blande,
441 4067 517 4136 quasi
527 4065 583 4120 haec
592 4067 647 4136 jam
657 4079 705 4122 tua
751 4071 796 4141 qui
807 4082 879 4124 certa
888 4087 938 4142 pro
950 4069 1059 4124 incertis
1070 4066 1236 4138 relinquunt.
1323 4079 1324 4088 ¹
