2644 4614
282 281 331 344 ru
358 250 595 345 nostros
619 281 713 345 nra.
738 280 825 345 vn.
1013 287 1075 365 463

29 401 204 462 inrotibus.
220 401 307 462 Nihil
320 403 446 462 demum
460 401 649 484 jucundius,
665 423 758 484 quam
771 403 851 464 ferre
863 406 968 486 signa,
984 413 1078 488 quain

31 489 125 551 tubas
139 491 255 550 audire.
723 493 727 496 ”

72 581 141 657 629.
155 579 252 639 Urbes
263 579 418 659 quinque,
429 578 538 653 Atina,
549 576 662 652 Tibur,
674 577 786 654 Ardea,
799 581 1007 658 Crustumeri,
1020 585 1080 642 An-

28 683 144 728 temnae
156 689 242 728 arma
253 668 421 728 incudibus
434 681 595 727 renovant.
613 671 692 728 Nota
707 668 928 729 attributorum
941 673 1079 754 copiam,

29 755 145 838 quibus
157 755 301 836 quaelibet
311 753 423 814 harum
434 756 561 814 urbium
576 757 718 836 princeps
731 769 761 814 et
774 755 907 836 gloriosa
922 759 1081 821 inducitur

29 865 49 904 a
65 844 224 924 potentia,
239 863 255 901 a
271 842 433 923 superbia,
449 845 624 902 aturribus.
641 843 829 902 Crustumeri
843 844 901 903 illo
912 861 1032 921 carent,
1047 863 1083 911 ut

30 935 76 994 sit
95 935 233 993 varietas.
255 932 357 992 Ardea
375 932 490 1012 absque
505 933 560 992 illo
578 934 780 1014 relinquitur,
803 935 849 993 vel
869 937 936 1016 ipso
954 941 1082 997 nomine

30 1021 186 1104 gloriosa,
209 1022 298 1104 quasi
311 1021 429 1095 Ardua,
451 1034 480 1080 et
495 1021 565 1080 ideo
579 1021 657 1081 nihil
673 1023 726 1082 illo
740 1035 815 1103 eget.
836 1025 972 1099 Vocula,
993 1025 1083 1101 adeo,

28 1109 84 1170 vel
99 1108 252 1168 redundat
266 1129 354 1168 more
369 1109 496 1182 Graeco,
511 1107 559 1167 vel
574 1110 708 1167 sumitur
719 1130 775 1190 pro
790 1108 879 1168 valde
892 1131 1030 1190 magnae,
1048 1128 1084 1172 ut

29 1199 79 1257 ait
91 1197 229 1256 Servius:
249 1217 323 1254 narn
336 1207 365 1254 et
376 1197 554 1271 Terentius,
575 1194 783 1255 adolescentem
797 1195 869 1255 adeo
885 1195 1013 1257 nobilem
1021 1245 1030 1274 ,
1050 1200 1082 1260 id

30 1297 98 1357 est,
113 1281 202 1343 valde
215 1284 365 1342 nobilem.

76 1373 146 1431 632.
166 1374 231 1432 Hos
243 1392 347 1432 versus
361 1384 391 1430 et
403 1381 563 1450 sequentes
577 1369 677 1429 refero
690 1369 727 1429 ad
745 1369 836 1429 urbes
853 1371 938 1446 illas3
957 1393 1030 1432 narn
1048 1374 1086 1434 de

31 1463 163 1542 reliquis
178 1459 244 1542 jam
264 1461 405 1542 superius
425 1459 560 1533 dixerat,
585 1479 641 1521 nec
662 1471 838 1518 recurreret.
862 1461 993 1522 Videtur
1011 1485 1085 1524 vero

31 1548 120 1610 mihi
128 1549 249 1631 signare
256 1545 467 1628 cataphractos
475 1545 602 1619 milites,
615 1547 928 1628 nominauscapitum
938 1553 1086 1631 tegmina,

29 1641 181 1722 clypeos,
195 1637 353 1712 thoraces,
369 1657 482 1724 ocreas.
497 1635 575 1696 Vide
587 1648 689 1695 autem
702 1649 736 1696 ut
747 1637 858 1718 cuique
871 1639 914 1698 rei
927 1644 1087 1722 propriam

32 1734 172 1810 assignet
186 1729 366 1802 materiam,
382 1740 478 1786 crates
494 1723 702 1802 umbonibus,
718 1745 757 1786 aas
768 1725 963 1805 thoracibus,
978 1751 1087 1811 argen-

31 1833 108 1878 tum
132 1819 247 1878 ocreis:
273 1815 379 1875 omnia
399 1813 536 1896 proprie.
561 1814 607 1872 De
624 1811 814 1894 tegminibus
832 1817 969 1898 capitum
987 1818 1087 1893 nihil,

33 1909 115 1991 quia
130 1905 195 1968 haec
209 1930 245 1968 ex
259 1908 344 1966 varia
359 1919 388 1964 et
402 1903 568 1985 multiplici
582 1908 720 1966 materia.

79 1997 150 2058 635.
164 1999 268 2079 Pergit
279 1997 316 2058 ad
328 1995 376 2071 id,
391 1994 476 2076 quod
489 1993 772 2076 frequentissimum
785 1997 818 2054 in
832 2009 982 2079 apparatu
994 1999 1090 2060 bello-

33 2110 124 2150 rum.
145 2089 251 2149 Floret
264 2087 453 2170 agricultura
468 2087 500 2146 in
515 2106 607 2166 pace;
627 2086 679 2146 sed
695 2089 719 2146 si
736 2085 855 2146 bellum
868 2087 964 2162 adsit,
985 2089 1090 2150 statim

34 2186 250 2241 instrumenta
265 2183 330 2260 agri
342 2189 568 2254 convertuntur
584 2177 621 2235 ad
637 2176 784 2236 militares
801 2198 890 2236 usus:
912 2199 1000 2238 enses
1017 2201 1089 2240 vero

31 2272 106 2355 jam
119 2271 311 2352 rubiginosi,
327 2281 357 2329 et
371 2271 424 2349 qui
437 2279 600 2349 parentum
614 2265 738 2327 fuerant
750 2279 779 2326 et
793 2265 962 2348 majorum,
978 2270 1091 2330 iterum

34 2361 218 2423 redduntur
229 2359 425 2434 lomacibus,
441 2379 476 2418 ac
488 2371 709 2439 recoquuntur.

81 2448 155 2528 637.
174 2449 243 2507 Non
257 2458 448 2528 exspectatur
460 2446 627 2527 imperium
641 2445 744 2521 ducis;
767 2444 820 2505 sed
838 2447 1019 2528 utquisque
1038 2461 1092 2508 aut

36 2537 122 2600 tuba
139 2537 298 2613 insonuit,
320 2549 375 2596 aut
392 2548 535 2596 tesseram
554 2536 707 2616 praetulit,
731 2537 774 2596 ita
793 2555 900 2596 omnes
920 2550 1094 2618 sequuntur

37 2625 154 2699 avide,
169 2638 290 2706 arrepta
303 2625 405 2706 galea,
415 2622 534 2706 junctis
547 2625 633 2704 equis
646 2624 687 2682 ad
698 2645 839 2698 currum,
852 2621 970 2684 indutis
983 2624 1092 2706 clypeo

38 2729 75 2775 et
88 2713 203 2789 lorica,
222 2715 361 2774 accincto
374 2732 456 2772 ense.
476 2714 530 2772 Est
544 2711 682 2792 trepidus,
701 2711 829 2771 festinus
847 2721 877 2770 et
889 2709 1040 2791 diligens,
1059 2725 1095 2770 ut

37 2800 160 2861 millies
173 2802 206 2860 in
219 2801 368 2882 Virgilio,
389 2813 419 2859 et
435 2799 513 2859 aliis.
533 2800 635 2876 Quam
649 2814 684 2858 tu
698 2811 817 2880 partem
831 2799 1018 2872 ductorum,
1041 2800 1095 2878 qui

37 2889 199 2949 haetenus
210 2891 413 2970 scripserunt,
428 2889 492 2946 sive
504 2887 645 2948 historici
658 2890 735 2962 sint,
749 2889 812 2946 sive
824 2887 943 2959 Poetae,
956 2885 1096 2946 conferas

38 2998 122 3038 curn
132 2979 279 3058 strepitu,
293 2977 539 3058 precipitantia,
552 2975 678 3052 ardore,
694 2995 787 3058 quem
797 2973 886 3034 Maro
898 2972 947 3034 his
959 2975 1097 3034 versibus

39 3067 202 3142 concitat?
221 3068 260 3126 Et
272 3066 400 3148 quidem
413 3087 471 3148 par
487 3078 568 3142 erat,
589 3067 627 3127 ad
640 3067 809 3126 adventurn
820 3066 956 3124 lunonis
968 3063 1098 3124 ferratos

39 3189 99 3253 adr,
111 3191 246 3264 pinguedo
257 3191 312 3244 εἰπε
325 3209 417 3244 came:
434 3204 475 3242 est
488 3209 553 3243 vero
598 3212 632 3244 ne
653 3193 744 3264 posuit
764 3189 1011 3262 amphibologiam:
1036 3206 1099 3240 uam
1129 3188 1141 3194 ”

40 3273 106 3325 haec
117 3273 175 3324 sevi
185 3270 314 3323 delinitio.
599 3271 731 3324 classicum
745 3269 857 3322 dicimus
870 3281 897 3320 et
909 3267 1001 3318 tubam
1013 3268 1099 3340 ipsam

83 3353 149 3419 634.
160 3351 242 3404 Lento
254 3351 355 3404 ducunt
367 3361 481 3426 argento.
496 3349 555 3402 Fle-
600 3364 626 3404 et
636 3369 740 3403 sonum.
756 3339 893 3402 Classicum
906 3362 995 3399 autem
1007 3361 1046 3400 est
1056 3347 1101 3400 fle-

40 3436 96 3488 xili
109 3447 223 3506 argento
233 3433 350 3500 ducant,
363 3433 455 3498 idest,
468 3443 556 3486 exten·
599 3432 659 3484 xilis
669 3431 742 3482 tuba.
751 3459 786 3468 —
794 3427 895 3482 Tessera
906 3429 1017 3501 signum.
1031 3429 1101 3500 Sym·

42 3517 136 3569 duntr
148 3527 189 3566 est
200 3525 289 3566 autem
302 3513 466 3586 spondeicus
479 3526 505 3565 et
513 3532 556 3564 re·
600 3511 692 3563 bolum
704 3509 845 3574 bellicum,
858 3507 932 3578 quod
940 3507 974 3560 ad
981 3527 1100 3580 pugnarn

44 3595 181 3664 ciprocus
192 3609 294 3645 versus.
307 3594 378 3645 Serv.
601 3587 758 3642 exeuntibus
769 3586 862 3652 datur,
877 3587 978 3639 scilicet
989 3601 1101 3660 propter

85 3670 151 3724 63⁵.
162 3671 190 3726 V
187 3673 285 3724 orneris.
294 3671 363 3722 Ecce
371 3671 458 3741 qualis
467 3689 557 3722 amen·
580 3685 582 3690 ’
602 3671 804 3724 confusionem:
822 3681 851 3720 ut
869 3669 921 3720 fuit
939 3669 967 3720 in
984 3672 1119 3737 epercitu.

44 3756 90 3804 tia
97 3753 287 3804 universorum
296 3753 439 3822 agrestium
450 3751 516 3816 fuit,
528 3763 558 3800 ut
602 3751 702 3814 Marii,
729 3749 802 3800 «Lar
822 3749 915 3800 Ileusu
931 3769 937 3810 ς
960 3749 988 3799 in
1009 3748 1103 3820 Sgllae,

46 3837 235 3885 instrumenta
244 3831 303 3881 vitae
313 3829 454 3900 profutura
464 3831 492 3880 in
501 3847 560 3900 per·
607 3852 617 3875 ι
627 3827 725 3900 Apollo
737 3827 882 3899 Delphicus
894 3848 920 3889 η
939 3829 967 3878 in
979 3825 1103 3896 Caesaris,

47 3913 156 3964 niciem
165 3913 226 3962 vitre
237 3919 378 3960 verterent.
388 3908 485 3960 Donat.
607 3931 619 3954 a
629 3909 718 3959 Venus
725 3909 844 3980 genitrix.
853 3909 1103 3961 dero-Neronis

88 3990 156 4060 637.
170 3988 391 4060 Classicajamque
397 3991 498 4045 sonant.
509 3987 560 4040 Be·
605 3987 777 4059 rignumiuit,
788 3989 887 4060 optima
895 3998 984 4040 mater.
995 3986 1066 4039 Suet.
1077 4003 1108 4056 9¹
