2646 4606
202 283 267 371 374
528 280 911 348 COMMENTARIA

201 421 279 469 ture
289 425 386 488 genus
397 408 631 481 tenuissimum
645 429 710 468 non
721 407 838 484 deerit;
850 407 991 470 tumulus
1005 409 1064 472 tibi
1074 423 1238 475 smtuetnr
1246 435 1255 487 ;

200 495 359 558 solventur
371 495 541 570 solemnia3
554 495 745 576 jucudum,
760 509 790 556 et
801 499 962 580 exsequier.

238 583 304 643 382.
324 583 443 644 Solatio
462 585 522 646 isto
542 584 669 644 sedatus
687 598 735 646 est
753 585 894 645 Palinuri
913 586 1053 646 enimus:
1076 605 1154 669 ergo
1171 603 1253 646 curer

197 672 429 734 transmittendi
443 673 583 734 fluminis
595 685 697 736 unotoe
711 688 800 749 sunt,
812 687 845 736 et
858 676 997 755 gavisus,
1009 676 1064 736 sed
1074 694 1253 758 perurerer:

198 781 273 822 nem
290 781 343 843 spe
364 776 506 839 tantum,
525 763 726 838 eudemius,
745 783 810 824 non
829 767 975 845 praesenti
990 763 1174 826 beneficio:
1196 764 1253 824 sed

198 871 261 934 qua
273 853 398 932 gavisus
410 853 463 914 re?
476 855 650 936 eoquorum
662 866 735 914 tenu
739 897 749 928 ,
764 855 867 934 signet
879 864 928 932 γῆν
941 857 1084 935 munes.

238 942 306 1016 384.
322 941 473 1026 Apodosis
480 989 490 1018 ,
505 965 570 1026 qua
582 942 729 1006 rediitad
741 944 918 1006 institutum
931 966 938 1002 ε
954 945 1062 1026 imque
1074 943 1254 1026 appropin-

165 1101 166 1106 1
198 1042 297 1109 quant
299 1029 396 1112 fluvio
410 1032 543 1111 Cocyto,
558 1046 613 1090 aut
624 1031 724 1112 Stygi,
739 1028 826 1112 quod
838 1029 932 1090 idem.

238 1117 307 1178 385.
326 1119 523 1183 Describitur
538 1120 798 1202 diligentissimus
815 1134 920 1180 custos
936 1118 1051 1180 inferni
1069 1120 1199 1180 litoris:
1215 1117 1251 1176 in

195 1226 270 1265 voce
280 1213 436 1290 prospexit,
449 1222 523 1270 nota
537 1209 783 1292 speculatorem:
799 1210 832 1268 in
846 1206 997 1292 vocejam
1007 1205 1092 1284 inde,
1108 1207 1216 1280 idest,
1231 1227 1252 1266 a

194 1290 306 1375 longe,
316 1297 526 1378 vigilantiam:
543 1299 577 1358 in
587 1295 664 1372 illis,
673 1301 714 1360 sic
721 1297 991 1380 priorayqreditur,
1004 1295 1121 1360 iuturae
1133 1297 1253 1360 oratio·

196 1383 247 1440 nis
262 1389 479 1466 asperitatem
494 1383 566 1448 ideo
579 1389 708 1469 increpat
719 1383 810 1462 ultro,
824 1388 897 1468 quia
909 1405 974 1449 non
985 1399 1114 1468 rogatus
1126 1409 1133 1446 ι
1146 1382 1252 1469 qrralis

199 1491 273 1554 ergo
289 1471 394 1536 futura
408 1477 527 1536 oratio!

236 1561 303 1622 388.
317 1567 363 1624 En
377 1567 552 1626 orationem
564 1577 788 1648 congruentem
797 1585 955 1646 personne:
969 1563 1151 1626 solentesse
1159 1581 1251 1622 arro·

196 1654 369 1732 gantissimi
386 1658 554 1736 portitores
570 1655 756 1717 fluminum:
777 1653 1087 1736 hanc-arrogantiam
1099 1653 1153 1714 hic
1166 1650 1251 1714 indi-

197 1754 249 1800 cat
258 1741 382 1804 Charon
396 1747 428 1804 in
440 1745 581 1820 audacia,
592 1747 625 1806 in
635 1747 769 1828 imperio
780 1767 787 1803 :
800 1743 873 1804 vide
884 1743 1060 1819 audaciam,
1069 1744 1199 1824 quisquis
1209 1761 1250 1816 es,

197 1844 341 1906 ematur,
355 1847 430 1906 etc.;
446 1847 601 1900 armatum
614 1836 799 1909 neruimes,
814 1833 941 1892 inermis
957 1835 1040 1914 ipse:
1059 1831 1132 1892 vide
1148 1832 1250 1910 impe·
1313 1841 1314 1912 J

197 1919 296 1990 rium3
306 1919 378 2004 fare
391 1942 459 2003 αρε,
476 1922 548 2004 quid
558 1924 680 1982 venias?
691 1943 793 2005 neque
803 1920 864 1980 hoc
874 1920 993 1996 solum,
1008 1918 1134 2002 sedjam
1144 1915 1251 1978 isthirw
1313 1927 1314 1942 ¹

198 2020 227 2068 et
235 2012 394 2089 comprime
404 2033 547 2094 cressum,
562 2009 596 2070 id
609 2024 673 2086 est,
686 2032 726 2072 ne
739 2025 770 2072 te
782 2009 866 2072 ultre
878 2029 1042 2070 commove
1056 2007 1097 2072 ab
1111 2028 1149 2070 eo
1163 2007 1250 2079 loco,

201 2117 236 2155 rn
251 2117 315 2178 quo
329 2119 369 2158 es.

249 2187 316 2264 39⁰·
339 2185 456 2269 Objicit
476 2203 646 2264 terrorem3
667 2211 741 2250 nam
759 2187 847 2250 locus
869 2187 922 2248 ille
942 2186 1112 2250 umbrorum
1134 2195 1197 2259 est,
1218 2194 1248 2242 et

198 2276 318 2350 Somni,
329 2289 422 2358 atque
432 2281 526 2338 etiam
536 2282 654 2354 Noctis,
665 2300 735 2361 quae
746 2279 897 2338 Somnum
906 2277 1031 2380 genuit3
1043 2275 1115 2335 ideo
1125 2291 1249 2356 soporo,

200 2363 289 2442 quasi
302 2365 493 2444 soporiferse.
509 2363 594 2442 Quid
605 2388 680 2427 vero
694 2365 792 2426 hictu
803 2366 893 2426 vivus
908 2378 990 2424 mter
1001 2357 1152 2454 umhras?
1167 2363 1249 2419 inter
1312 2393 1313 2471 1

200 2451 368 2511 somnum?
388 2455 470 2516 inter
487 2455 633 2517 noctem?
654 2475 751 2538 quum
770 2449 857 2516 nefas
876 2455 916 2517 sit
933 2453 993 2514 hac
1012 2455 1120 2514 carina
1135 2449 1247 2511 vectari

202 2539 274 2598 viva
286 2561 427 2622 corpora.
1311 2565 1312 2574 ¹

242 2628 310 2708 392.
327 2631 438 2708 Aiunt;
457 2646 540 2694 etex
557 2627 687 2714 Orpheo
704 2631 832 2691 adducit
848 2630 986 2706 Servius,
1006 2625 1202 2692 Charontem
1215 2627 1247 2684 in

203 2717 411 2798 compedibus
421 2721 576 2801 integrum
587 2740 706 2779 annum
716 2714 1159 2800 fuissepropteraoceptumin
1169 2732 1246 2773 nave
1310 2769 1311 2776 ξ

203 2806 388 2866 Herculem:
405 2829 489 2890 ergo,
504 2831 566 2870 non
579 2831 643 2869 sum
657 2807 768 2873 lucane
781 2809 922 2889 accepisse
933 2803 1106 2879 Herculem,
1126 2801 1250 2884 Thesem

104 2957 106 2962 ,
204 2893 387 2968 Pirithoum,⁸
405 2917 585 2980 quamquam
597 2897 662 2956 Diis
677 2897 781 2977 qenltr‘,
802 2909 994 2976 quemquam
1011 2893 1112 2953 inuicti
1123 2887 1248 2950 uiribus.-

204 2997 278 3038 nam
292 2981 438 3042 Hercules
452 2983 621 3043 Cerberum
635 2983 704 3044 loro
719 2983 862 3041 vinetum
877 2981 979 3053 traxit,·
992 2977 1147 3051 Theseus,
1162 2987 1191 3036 et
1202 2975 1247 3033 Pl·

205 3067 327 3130 rithous
344 3083 504 3132 'tentarunt
516 3075 736 3154 Proserpinam
752 3069 891 3131 trahere:
911 3083 1080 3151 utramque
1097 3087 1163 3127 rem
1175 3065 1250 3124 mire

206 3156 397 3239 amplificat:
416 3181 489 3220 nam
503 3161 649 3220 Hercules
660 3157 831 3220 Cerberum
849 3161 950 3232 traxit,
965 3173 997 3218 et
1008 3156 1095 3218 hunc
1108 3153 1249 3216 custodem

135 3299 139 3307 .
205 3244 341 3321 Tartari3
360 3259 421 3308 ete
437 3247 510 3310 solio
526 3251 599 3330 reqis
613 3245 764 3308 Plutonis.-
782 3246 919 3308 Theseus
934 3261 1027 3317 vero,
1047 3258 1077 3304 et
1091 3241 1247 3305 Pirithous
1308 3263 1309 3309 i

204 3353 269 3394 non
280 3349 501 3421 quamcunque
510 3337 604 3399 adorti
616 3351 692 3398 sunt
703 3337 858 3419 praedam,
873 3335 924 3396 sed
942 3337 1014 3395 Ditis
1025 3336 1203 3406 Dominari,
1217 3329 1248 3390 id

205 3435 268 3496 est,
281 3424 464 3506 conjugem,
478 3439 509 3488 et
521 3425 603 3488 hanc
616 3428 654 3487 ah
670 3427 767 3508 ipsius
778 3427 861 3508 regis
875 3419 1016 3485 thalamo.

242 3600 303 3661 388·
318 3613 437 3685 Quisquis
447 3635 487 3678 es,
500 3627 623 3670 umatus.
635 3612 705 3670 Bene
750 3611 874 3668 limeum
889 3613 1002 3666 dicunt:
1020 3623 1067 3664 eut
1080 3612 1150 3663 Dilis
1167 3609 1248 3660 thau·

205 3693 584 3765 nprosc‘riptlonecoepiteac
599 3697 706 3749 eidice»
749 3695 998 3762 mo,utdorninern
1008 3691 1247 3745 Graronedsers·
1306 3725 1307 3729 ,

205 3779 263 3831 ret,
277 3767 343 3820 nihil
360 3774 434 3842 pium
452 3775 561 3828 molitur
578 3789 704 3830 armatus.
751 3777 852 3828 tulerit.
865 3778 935 3830 Seru.
945 3805 980 3818 -
989 3774 1028 3826 112·
1040 3773 1186 3825 dominam.
1201 3771 1247 3824 Pe·

206 3845 392 3901 IleCharonte
404 3851 534 3924 Scaliger,
552 3855 580 3906 P.
594 3856 650 3920 111‚.
664 3856 703 3908 rii.
746 3859 790 3927 jus
812 3857 902 3912 conati
922 3867 1079 3925 suntqumn
1100 3852 1147 3906 illo
1162 3875 1168 3904 ι
1186 3859 1248 3922 quet
1305 3847 1306 3937 l

242 3926 302 3996 397.
319 3927 357 3980 Hi
370 3928 503 3982 dominam
515 3934 590 3988 uitis
606 3935 660 3986 Aut
671 3935 705 3990 de
748 3936 794 3990 hic
808 3936 869 3990 loos
881 3947 942 3988 sunt
954 3934 1150 3988 accusationis!
1163 3932 1248 3984 facere

206 4007 299 4060 Graeco
311 4020 425 4059 tractum
441 4023 496 4076 est,
516 4015 579 4081 quia
595 4032 705 4067 uxorem
749 4019 803 4068 vim
821 4019 898 4069 uxori
918 4014 1025 4078 alienum
1044 4015 1124 4064 uxori
1140 4013 1208 4082 regis
1225 4019 1249 4061 el
