2700 4586
237 320 295 385 138
559 315 937 381 GOMMENTARIA

270 439 338 520 489.
351 441 396 500 ΑΙ)
408 442 540 522 gemitu,
554 437 774 522 plangoribus,
786 437 987 514 clamoribus,
999 441 1111 499 transit
1122 437 1162 500 ad
1176 463 1274 523 pavo-

230 548 310 604 rem,
331 551 393 610 quo
414 529 540 611 trepidae
556 528 693 589 foemiuae
710 541 860 605 occupant
881 549 950 609 quae
968 543 1100 610 possunt
1115 531 1269 605 remedia,

170 647 173 656 2
229 637 314 678 cassa
326 621 432 678 omnia
447 631 477 680 et
492 619 680 694 frustranea3
700 631 802 678 errant
816 639 871 698 per
884 616 978 693 aedes,
997 617 1159 678 adhaerent
1173 622 1269 701 posti-

228 701 297 792 bus.
317 707 394 766 Vere
407 708 532 790 scripsit
544 709 667 767 Tacitus
681 709 738 781 ΙΙΙ,
759 705 830 765 hist.
845 705 977 787 loquens
993 706 1032 766 de
1049 703 1194 782 Vitellio,
1217 728 1268 766 nu-

228 805 329 852 turam
340 797 463 876 pavoris
473 817 554 870 esse,
566 809 602 856 ut
613 797 763 855 metuenti
775 797 938 876 praesentia
949 797 1053 854 omnia
1063 795 1269 877 displiceant,
1333 789 1334 810 ¹

229 879 268 938 ad
282 881 342 942 alia
354 899 445 966 atque
455 884 517 946 alie
527 883 663 945 remedia
675 883 872 966 occupanda:
885 886 927 944 ita
937 883 1117 964 Virgiliauae
1128 884 1282 944 foemina

228 989 419 1052 praepavore
433 971 494 1033 huc
506 987 536 1032 et
547 973 623 1032 illuc
635 985 747 1032 errant.

266 1057 334 1138 49ι.
355 1063 472 1121 Notant
493 1065 675 1144 interpretes
693 1061 774 1122 dicta
795 1059 861 1122 haec
879 1061 1032 1123 invidiose
1050 1063 1083 1120 in
1101 1060 1269 1135 Achillem,

228 1158 321 1226 atque
336 1151 367 1207 in
387 1149 556 1232 Pyrrhum,
575 1151 664 1232 quasi
674 1148 775 1224 filius,
794 1148 876 1208 nihil
889 1169 1028 1230 unquam
1041 1149 1101 1208 nisi
1116 1168 1206 1206 more
1217 1169 1270 1230 pa-

228 1235 283 1294 tris
303 1237 458 1298 violenter
477 1241 619 1320 gesserit,
641 1253 673 1298 et
696 1238 873 1298 crudeliter.
894 1236 979 1298 Adeo
1002 1251 1104 1296 autem
1124 1234 1270 1296 incubuit

228 1323 377 1404 Pyrrhus,
389 1339 424 1390 ut
439 1327 525 1387 nulla
537 1349 584 1387 res
595 1326 660 1408 ejus
671 1328 821 1408 impetum
833 1339 863 1386 et
874 1327 1107 1408 impressionem
1118 1326 1273 1382 sustinue-

227 1413 278 1471 rit.
297 1414 442 1496 Sequitur
456 1414 535 1476 labut
548 1418 648 1489 ariete,
672 1429 727 1474 etc.
747 1417 849 1474 Ruina
863 1412 1010 1494 'procedit
1027 1410 1155 1472 ordine:
1177 1431 1270 1493 supra

226 1502 307 1561 vulsi
319 1517 443 1564 tantum
459 1519 559 1586 postes
576 1527 593 1564 a
610 1503 805 1576 cardinibus;
817 1501 889 1582 jam
903 1500 943 1561 ab
957 1500 1067 1562 iisdem
1082 1501 1179 1561 emoti
1196 1521 1282 1582 pro-·

227 1591 380 1650 cumbunt
392 1613 398 1650 :
410 1589 507 1671 janua
519 1611 612 1672 supra
625 1604 770 1652 excavata
781 1603 838 1664 est,
852 1603 882 1649 et
892 1589 1025 1650 fenestra
1035 1588 1208 1668 facta3jam
1219 1587 1281 1648 hic-

226 1677 321 1752 cadit,
335 1679 441 1739 addito
457 1701 539 1740 novo
552 1679 821 1754 machinamento,
840 1676 986 1738 videlicet
998 1691 1148 1760 perpetua
1164 1679 1266 1737 arietis

225 1764 410 1845 pulsatione.

265 1852 334 1932 494.
348 1855 409 1914 Ista
427 1858 533 1916 omnia
549 1849 709 1924 παθητικῶςί
729 1877 802 1915 nam
819 1875 888 1936 quae
903 1853 954 1914 hic
968 1852 1151 1914 camificina
1165 1868 1278 1914 custo--

225 1939 319 2000 dum?
331 1945 399 2024 quis
410 1940 462 2004 ille
471 1959 662 2004 armatorum
672 1943 783 2024 globus
797 1945 925 2002 irrueret
934 1945 966 2002 in
979 1941 1113 2023 regiam?
1124 1944 1178 2001 via
1187 1941 1267 2001 ferro

225 2031 375 2110 aperitur;
389 2048 578 2114 rumpuntur
590 2033 708 2109 aditus,
725 2032 922 2092 trucidantur
934 2033 1053 2104 miseri;
1070 2031 1157 2110 regia
1171 2049 1277 2089 occu-v
1333 2045 1334 2106 4

225 2130 319 2197 patur
332 2131 457 2180 externo
469 2121 579 2182 milite.

264 2203 332 2285 496.
345 2211 424 2290 Apta
437 2213 630 2292 comparatio
643 2233 649 2267 :
664 2232 726 2271 non
739 2211 834 2268 amnis
838 2209 944 2292 firmus
955 2185 1072 2267 cumulo
1083 2206 1125 2264 sic
1128 2205 1229 2287 fertur
1239 2207 1268 2263 in

225 2313 309 2366 arva,
331 2295 471 2378 trahitque
489 2313 619 2358 armenta
636 2320 703 2358 cum
718 2294 838 2358 stabulis
850 2317 902 2376 per
915 2313 1031 2376 cuntpos
1044 2313 1158 2366 curaer,
1177 2313 1267 2374 quum

224 2401 357 2460 spumeus
367 2388 438 2445 exiit
453 2387 602 2467 aggeribus
617 2389 719 2468 ruptis,
735 2387 874 2466 evicitque
887 2386 999 2465 gurgite
1014 2379 1103 2441 moles
1113 2385 1267 2463 oppositus.

224 2468 317 2548 Apta,
329 2472 474 2551 inquam3
490 2494 564 2532 nam
577 2476 676 2532 amnis
689 2473 795 2532 furens
808 2472 949 2547 cumulo,
964 2471 1064 2530 Danai
1076 2482 1168 2528 suut:
1182 2470 1280 2550 rupti·

225 2575 365 2636 aggeres,
378 2559 509 2620 claustra
524 2565 617 2642 regiae
627 2562 727 2622 fracta
740 2585 747 2620 ι
761 2562 860 2622 moles
873 2562 1041 2644 oppositae,
1056 2556 1203 2620 custodes
1216 2559 1268 2616 mi·

223 2642 292 2704 lites
301 2667 372 2706 cum
382 2647 464 2709 ferro
476 2674 482 2708 :
497 2665 652 2725 armenta,
661 2651 789 2730 Trojani
800 2651 905 2711 miseri
917 2673 923 2709 τ
939 2646 1074 2722 stabula,
1086 2661 1153 2707 tota
1164 2649 1248 2728 regia
1260 2670 1268 2704 :¹

225 2753 373 2814 spumans
392 2759 488 2820 aqua,
507 2761 656 2822 spumans
679 2761 782 2800 cruor.
803 2741 913 2820 Itaque
935 2759 996 2820 qua
1016 2737 1145 2806 licentia
1167 2738 1268 2796 amuis

224 2821 330 2884 furens
340 2830 418 2904 ruit,
432 2829 542 2904 trahit,
554 2833 635 2911 rapit
645 2833 766 2904 omnia3
776 2831 844 2910 pari
856 2829 962 2896 furore
973 2827 1071 2888 Graeci
1083 2839 1137 2885 :et
1146 2827 1280 2906 signate-

225 2927 319 2989 poeta
327 2915 435 2990 munis,
449 2939 515 2977 non
525 2919 652 2994 fluvius,
667 2933 721 2978 aut
733 2918 868 2976 flumen:
882 2917 982 2976 amnis
993 2912 1033 2974 ab
1043 2911 1268 2973 circumnando

227 2999 343 3076 dictus3
355 3025 404 3062 um
415 3008 498 3064 enim
508 3009 690 3088 praepositio
703 3006 742 3064 ab
754 3011 815 3084 ἀμφὶ
827 3005 964 3076 ducitur;
979 3015 1009 3062 et
1022 3016 1095 3060 tuuc
1107 3001 1210 3060 amnis
1222 3001 1278 3060 di-·

225 3089 319 3165 citur,
340 3114 436 3172 quum
448 3097 532 3154 varie
544 3109 626 3154 errat
639 3097 727 3154 tortis
739 3093 878 3154 flexibus.
897 3093 944 3151 Sic
956 3091 1058 3150 Graeci
1072 3109 1137 3148 non
1150 3087 1268 3148 directo

225 3196 319 3238 cursu
334 3184 451 3262 regiam
463 3185 651 3266 pervadunt,
666 3183 718 3244 sed
733 3195 837 3242 errant
848 3203 904 3264 per
915 3193 1013 3240 totam
1026 3181 1160 3260 regiam,
1175 3179 1268 3252 atria,

226 3265 384 3343 cubicula,
397 3271 591 3352 explorantes
604 3273 720 3329 omnia.

224 3401 278 3436 una
287 3403 366 3443 nocte
377 3392 617 3464 conciderit,quud
626 3411 675 3464 per
683 3395 724 3444 in-
804 3393 862 3462 496.
881 3393 943 3444 Non
961 3391 1013 3454 sic,
1029 3388 1163 3461 aggeribus
1179 3389 1267 3458 ruptis.

226 3463 314 3516 linitos
326 3487 416 3541 reges,
429 3473 518 3524 multis
531 3475 610 3525 etiam
622 3472 723 3524 saeculis
768 3470 831 3521 Vult
852 3469 992 3522 ostendere
1010 3468 1117 3540 gravius
1135 3480 1267 3518 vestatam

228 3556 359 3596 servatum
373 3551 478 3602 luerat?
489 3553 585 3604 Donat.
767 3551 885 3619 Trojam,
892 3567 972 3620 quam
982 3548 1184 3620 agrifluviorum
1192 3565 1268 3616 erup·

262 3623 322 3689 491·
338 3625 365 3677 V
362 3627 371 3675 ἰ
382 3631 476 3696 patria.
487 3631 637 3684 Secundum
645 3631 724 3684 fidem
769 3631 841 3680 tione
849 3641 996 3680 vastantur.
1005 3627 1195 3680 -Fluminum
1203 3626 1266 3676 mul·

228 3703 331 3772 generis
345 3707 385 3756 sui
396 3727 401 3756 ε
416 3721 460 3773 ut,
476 3733 486 3756 α
496 3710 590 3783 Stirpis
599 3712 724 3772 Achilleae
768 3723 807 3762 tas
820 3711 885 3762 fecit
895 3711 1026 3762 Homerus
1036 3709 1263 3778 comparationes:

228 3783 345 3833 f³⁵¹¹¹⁸¹”
360 3786 425 3838 Ῑῑθῐῐῑ
437 3787 470 3839 de
479 3791 610 3846 Hercule:
625 3815 636 3838 ιι
648 3791 723 3843 Selve
769 3804 859 3843 noster
877 3790 958 3842 semel
974 3803 1092 3854 tantum,
1111 3787 1165 3842 illis
1182 3789 1265 3838 omni-

229 3877 293 3910 vera
302 3861 316 3910 J
319 3863 375 3914 ovis
386 3865 503 3934 proles.»
515 3871 584 3923 Serv.
593 3901 626 3910 -
637 3871 663 3925 V
661 3872 670 3920 i
680 3890 726 3942 pa·
769 3871 819 3922 bus
829 3869 1052 3941 anteponendam.
1062 3867 1194 3938 Scalig.V,
1201 3869 1225 3920 3.
1235 3867 1262 3918 Τ.

231 3939 293 4004 iria,
308 3940 377 3996 Non.
388 3944 471 3996 Marc.
482 3946 534 4000 hoc
546 3949 607 4001 loco
614 3950 725 4020 fortitu-
769 3943 1264 4016 -Hanctamenerllomcrodesurnp

229 4016 316 4074 dinem
325 4032 351 4074 et
359 4021 476 4076 uirtutem
484 4027 630 4097 siguificare
638 4028 724 4082 docet.
771 4043 825 4082 tam
837 4029 916 4085 docet
928 4030 1048 4084 Macrob.
1060 4028 1165 4085 Saturu.
1178 4029 1211 4093 V,
1224 4027 1247 4080 5.
