2676 4602
236 263 310 338 ²258
573 256 953 324 COMMENTARIA
1010 277 1012 284 ·

246 397 324 454 tiam
335 389 384 450 sui
396 385 498 460 ducis,
512 387 568 467 qui
582 383 730 468 urgebat,
749 387 803 467 qni
817 386 978 446 revisebat.
991 383 1049 447 Sed
1063 387 1098 446 in
1112 407 1180 470 qno
1194 407 1285 471 appa·

245 493 292 542 ret
305 474 557 538 incumbentium
574 473 731 536 studium?
751 474 839 548 audi3
862 473 1011 536 deducunt
1025 496 1061 535 ex
1080 489 1140 536 toto
1159 475 1286 538 litoreis

246 589 326 630 mare
338 565 427 628 celsas
439 587 542 640 naves5
555 578 640 626 notat
652 577 741 626 uncta
753 567 874 625 canna:
891 578 994 626 unctae
1006 564 1133 626 fuerant
1147 589 1245 629 naves
1256 571 1285 627 in

244 659 326 718 sicco
336 653 442 729 litore;
448 651 515 734 jam
524 651 673 726 deductae,
683 651 833 734 expeditae
843 665 925 729 sunt,
934 665 967 713 et
974 665 1094 712 natant.
1105 656 1220 736 ltaque
1228 675 1284 714 non

242 756 434 825 exspectant,
451 756 488 802 ut
502 761 596 802 naves
610 742 644 800 in
658 742 740 800 sicco
754 739 947 816 reficiantur,
962 740 1017 802 sed
1031 741 1178 823 fugiendi
1192 743 1284 803 studio

242 833 349 895 lerunt
364 849 467 892 ramos
482 827 583 890 adhuc
591 827 779 912 frendentes,
801 843 831 890 et
846 830 960 890 robora
978 827 1082 890 adhuc
1099 829 1284 913 infabricata,

240 935 279 982 ut
295 923 329 981 in
347 922 421 1002 ipsis
438 920 526 1000 aquis
542 930 690 1000 aptentur
702 917 820 996 trabes,
840 916 956 1002 quibus
970 917 1077 980 classis
1092 932 1193 1002 queat
1209 919 1286 980 refici

242 1011 283 1072 ed
298 1008 520 1091 navigandum.

278 1097 347 1174 dor.
360 1101 431 1160 Non
442 1099 516 1158 satis
528 1098 665 1180 miqrore,
680 1095 825 1157 additum
836 1117 917 1158 ruere
926 1096 966 1157 ad
976 1097 1131 1178 majorem
1140 1097 1237 1158 celeri
1248 1111 1286 1157 ta·

239 1186 452 1250 tem:·rideor
467 1205 591 1246 cernere
608 1183 805 1246 sedulitatem
822 1184 911 1244 illam
929 1199 1114 1261 nautarum,
1136 1205 1203 1267 qua
1221 1205 1287 1245 con·

240 1275 345 1338 iluunt
358 1275 500 1357 undique
513 1273 552 1333 ad
567 1292 675 1350 nares,
688 1293 788 1356 quum
800 1273 966 1335 soluturae:
980 1287 1012 1334 et
1022 1273 1241 1356 epibatarum,
1252 1291 1287 1332 ne

237 1366 304 1428 illae
318 1365 445 1440 abeant,
459 1385 490 1426 se
503 1361 628 1424 relictis.

280 1451 349 1529 loa.
359 1453 506 1534 Sequitur
514 1451 709 1533 comparatio
720 1449 759 1511 ad
770 1450 990 1534 explicandum
998 1451 1141 1512 studium
1147 1453 1287 1510 euntium

241 1541 281 1602 ad
289 1561 393 1602 nares.
404 1540 529 1620 Magnis
537 1535 629 1599 rebus
640 1559 722 1621 sepe
731 1539 871 1602 formicae
880 1539 1068 1601 documento
1079 1541 1233 1600 fuerunt:
1246 1540 1287 1597 sic

238 1651 325 1694 nunc
340 1633 435 1692 etiam
450 1629 566 1689 docent
584 1627 780 1690 sedulitatem
795 1632 972 1691 nauticam:
991 1632 1025 1690 in
1045 1643 1114 1691 tota
1129 1649 1288 1710 compara·

239 1722 326 1780 tione
345 1716 446 1779 elucet
464 1729 532 1776 tum
551 1715 715 1796 diligentia
731 1715 949 1795 formicarum,
970 1733 1039 1780 tum
1054 1716 1164 1793 labor,
1187 1715 1288 1778 utilia

239 1805 372 1888 quadret
384 1806 531 1885 negotio:
548 1802 619 1864 vide
631 1807 716 1865 enim
728 1828 791 1888 qua
803 1806 966 1890 diligentia
978 1819 1064 1884 eant,
1078 1805 1226 1886 redeant,
1235 1825 1286 1886 po-

237 1894 403 1978 pulentur,
418 1905 588 1974 reponant,
607 1907 737 1975 cogant,
754 1899 920 1976 castigent,
939 1899 974 1956 in
987 1897 1111 1956 fervore
1123 1898 1206 1956 sint:
1221 1894 1287 1954 ride

238 2004 302 2064 quo
320 1981 427 2043 labore
446 1994 497 2042 eat
515 2003 642 2063 agmen,
660 1997 696 2044 ut
716 1999 902 2045 convectent
917 1986 1072 2068 predam,
1091 1999 1123 2046 et
1143 1985 1223 2046 calle
1238 2005 1287 2044 an·

229 2085 345 2154 ¹gusto,
363 2085 399 2132 ut
412 2070 542 2132 trudant
552 2071 709 2133 frumenta
723 2073 870 2154 grandia,
887 2087 923 2134 ut
936 2073 1124 2136 obnitantur
1136 2073 1286 2135 humeris.

236 2162 313 2222 Haec
329 2162 356 2220 si
370 2161 539 2234 examines,
561 2158 681 2220 advoca
696 2161 851 2222 Graeciam
869 2176 970 2223 totam
984 2185 1056 2226 cum
1073 2185 1131 2224 suo
1144 2166 1288 2246 principe

236 2249 391 2322 Homero,
404 2259 434 2306 et
441 2245 563 2308 videbis
571 2267 643 2308 cum
651 2245 773 2309 hisuon
781 2269 874 2331 posse
884 2251 1019 2312 conferri
1027 2265 1131 2313 totam
1140 2251 1287 2326 Iliadem,

237 2349 338 2397 totam
350 2334 538 2416 Odysseam!
1225 2337 1230 2343 ”

276 2421 348 2498 408.
362 2422 439 2498 Quae
452 2428 506 2482 tu'a
517 2443 621 2500 mens,
641 2447 660 2485 o
672 2425 774 2487 Dido?
789 2429 1002 2510 quianimus?
1017 2432 1073 2514 qui
1089 2431 1220 2493 sensus?
1235 2432 1289 2513 qui

237 2508 390 2592 gemitus?
403 2531 501 2590 quum
512 2512 633 2572 videres
647 2527 868 2576 concursantes
883 2515 924 2575 ad
939 2538 1049 2594 nares,
1062 2517 1238 2579 clamantes
1251 2515 1288 2576 ad

226 2597 350 2658 litora?
363 2595 445 2656 nihil
458 2601 562 2680 aptius
572 2599 633 2659 dici
645 2603 750 2682 potuit
762 2603 802 2662 ad
816 2606 1105 2685 mpraesentandum
1114 2609 1227 2666 vivum
1237 2605 1289 2664 do·

237 2685 338 2748 larem
349 2687 474 2768 Regina
485 2710 493 2745 z
506 2686 676 2770 expendat,
691 2691 746 2770 qui
761 2693 887 2751 amavit.
900 2694 998 2768 Hinc,
1010 2693 1121 2768 credo,
1135 2695 1231 2753 toties
1244 2713 1288 2752 re·

236 2775 335 2858 petita
347 2787 451 2856 poetoe
462 2776 557 2836 verba
565 2779 659 2838 unius
674 2783 951 2856 consummanti,
963 2784 1153 2864 prospiceres,
1166 2781 1286 2855 videres,

225 2870 304 2923 ente
318 2861 436 2924 oculos·
764 2875 766 2878 ’

272 2948 345 3024 aaa.
360 2953 420 3011 Hic
430 2952 523 3014 locus
535 2975 571 3014 ex
583 2957 743 3037 superiore
756 2969 841 3018 ortus
852 2979 859 3016 ι
872 2959 1068 3018 considerata
1080 2961 1170 3018 enim
1184 2957 1287 3019 infeli·

227 3040 330 3100 citata
343 3039 493 3116 Didonis,
507 3063 578 3122 quae
592 3055 659 3102 tota
672 3057 716 3104 eet
728 3047 766 3106 ab
777 3067 884 3106 amore
895 3049 1097 3129 pertinaciter
1107 3049 1286 3120 insistente,

225 3127 271 3186 in
290 3128 393 3209 ipsum
415 3147 555 3213 amorem
575 3129 835 3211 indignabundus
855 3137 1069 3195 convertitur:
1090 3148 1187 3217 atque
1210 3135 1285 3194 adeo

234 3211 303 3276 hoec
329 3218 484 3298 posterior
512 3219 703 3301 apostrophe
724 3223 952 3304 indignationis
975 3207 1148 3306 respondet
1171 3224 1284 3306 priori,

228 3322 308 3383 'quoe
321 3316 388 3362 tota
401 3301 462 3361 fuit
476 3305 768 3371 commiserationis.

274 3388 343 3462 413.
362 3391 476 3449 Merito
495 3407 588 3471 poeta
605 3395 780 3458 admiratur
795 3401 860 3459 vim
877 3402 1012 3460 amoris:
1027 3399 1083 3460 illa
1096 3398 1199 3476 Dido,
1217 3417 1283 3480 quse

235 3494 343 3534 amens
352 3473 459 3535 furore
469 3478 502 3536 in
512 3499 637 3541 omnem
648 3483 764 3566 linguae
772 3488 1047 3569 intemperantiam
1055 3487 1162 3548 soluta
1169 3487 1283 3558 fuerat,

226 3581 306 3642 <111ae
319 3561 399 3631 nulli
413 3567 611 3631 contumeliae
624 3588 816 3653 pepercerat,
835 3595 905 3658 quae
919 3598 937 3636 a
951 3598 984 3637 se
997 3575 1174 3658 repulerat,
1195 3580 1221 3650 i,
1241 3595 1280 3633 se·

233 3669 319 3732 quere
331 3647 466 3730 Italiam
478 3657 533 3718 illa
547 3680 632 3722 nunc
646 3665 760 3724 iterum
773 3667 798 3726 it
810 3668 845 3726 in
858 3653 1025 3749 lacrymas,
1041 3679 1160 3742 tentat,
1174 3685 1281 3748 preca·

248 3808 733 3902 ·⁴nrrl·'an·is.Solumnomenestquod
776 3827 829 3891 dis,
843 3828 931 3881 solum
942 3831 970 3880 in
979 3829 1018 3882 dis
1026 3829 1109 3882 mittit
1118 3828 1278 3901 genitivum:

233 3901 373 3959 rgemrnet
384 3909 412 3982 sn
423 3897 548 3964 genitivo.
566 3902 730 3955 Monadioon
774 3907 838 3959 item
853 3928 865 3960 s
880 3909 997 3980 geminat
1013 3928 1056 3973 as,
1078 3909 1139 3963 assis
1154 3929 1161 3957 ··
1182 3919 1209 3960 et
1223 3905 1278 3958 11⁹³c

231 3978 272 4021 est
283 3985 362 4041 ergo,
375 3984 443 4026 sieut
453 3973 514 4030 sot·
531 3979 594 4033 item
604 3995 661 4048 cor,
676 4001 730 4036 cors
775 4001 867 4041 caram
878 3987 1013 4061 exemplis.
1024 3987 1093 4044 Serv·
