2646 4606
283 283 821 366 runuaiuosnm.'v11.
1007 307 1074 399 pq

30 413 84 490 iet,
98 413 133 474 id
144 427 201 491 est,
216 417 389 496 uritdoua,
402 440 471 501 quae
481 433 552 480 sunt
562 443 653 504 supra
663 423 776 500 altare3
789 446 859 487 ecoe
872 405 976 490 subito
987 430 1075 492 flama

28 522 85 563 ma
99 525 205 568 comas
218 506 285 586 ejus
298 509 426 590 aripuit,
439 522 603 590 totumque
613 527 832 575 ornamentum
841 520 950 600 capitis
959 543 967 594 ;
976 517 1016 580 ¹ut
1025 519 1075 581 eo'·

29 612 163 668 ronam,
184 606 214 653 et
227 615 381 674 gemmas,
400 596 494 678 idque
507 612 579 658 cum
591 619 705 680 magno
720 605 857 683 crepitu:
877 609 1044 690 statimque
1056 630 1074 667 a

28 681 138 760 capite
152 681 208 740 visi
222 697 295 742 sunt
303 683 458 744 fumantes
468 686 551 744 inter
559 685 661 746 lucem
671 685 771 766 globi,
786 702 817 748 et
829 690 961 754 flammae
972 697 1076 755 rutilae

28 770 139 849 spargi
150 771 184 829 in
194 790 320 832 omnem
330 786 451 853 partem
463 787 627 834 tectorum.
636 776 682 834 De
692 778 862 838 structione
872 780 1076 843 admoneatur

28 876 114 937 puer
123 855 206 918 hunc
216 861 249 919 in
259 861 399 922 modum.
412 863 541 921 Lavinia
551 861 631 922 dicta
641 874 686 921 est
697 864 958 946 comprehendere
971 872 1076 951 iguem

29 943 140 1025 longis
159 947 315 1008 crinibus:
334 951 400 1009 visa
418 963 464 1011 est
482 951 613 1010 cremari
632 965 779 1010 ornatum
800 956 929 1034 capitis:
947 959 1013 1016 visa
1032 973 1078 1018 est

31 1051 165 1092 aceensa
175 1033 293 1113 comas,
306 1057 434 1098 accensa
446 1033 595 1098 coronam
606 1061 613 1096 ι
625 1041 687 1099 visa
698 1052 743 1098 est
752 1039 871 1100 involvi
883 1041 1076 1102 fulvo'lumi·

30 1139 91 1194 ne,
113 1135 143 1180 et
161 1124 288 1204 quidem
308 1139 373 1185 tota
393 1128 462 1208 ipsa
480 1126 621 1186 fumida:
641 1125 766 1186 demum
786 1129 851 1186 visa
871 1143 917 1188 est
936 1151 1077 1211 spargere

31 1205 213 1269 Vulcanum
230 1213 302 1272 totis
315 1215 421 1274 tectis:
441 1227 507 1274 tota
520 1214 665 1277 videlicet
680 1216 808 1275 structio
822 1217 939 1297 pendet
950 1219 1076 1278 a‘verbo

32 1316 109 1355 ursa.

79 1387 128 1467 78.
150 1388 368 1472 interpretatio
390 1391 515 1452 alterins
536 1391 690 1474 prodigii:
711 1391 870 1453 ferebatur
887 1391 1079 1454 horrendum

33 1467 100 1532 hoc
115 1491 284 1560 essentque
298 1479 457 1540 mirabile:
481 1479 689 1554 horrendum:
710 1501 784 1539 nam
798 1478 919 1540 bellum
930 1501 1080 1562 magnum

32 1560 159 1643 populo
174 1566 435 1646 portendebatur:
454 1565 616 1641 mirabile;
637 1587 711 1630 nam
725 1569 854 1627 Lavinia
869 1567 1083 1650 illustrisulore

20 1645 125 1707 'fama
137 1652 255 1714 aciatis
270 1657 545 1736 pronuntiabatur.

80 1739 130 1796 81.
142 1741 289 1824 Prodigia
299 1763 408 1826 apum,
421 1760 452 1806 et
462 1745 673 1819 flammarum,
686 1759 856 1825 quoevocat
865 1742 916 1805 hic
925 1759 1084 1822 monstra‚·

37 1827 189 1888 Latinum
207 1831 392 1908 sollicitum,
412 1848 448 1894 ut
461 1855 518 1915 par
534 1844 614 1906 erat,
635 1830 739 1892 ferunt
753 1833 792 1892 ad
812 1834 971 1895 oraculum
985 1837 1085 1918 patris

37 1915 157 1992 Fauni,
175 1921 260 1999 quod
275 1919 464 1982 reddebatur
475 1923 509 1980 in
523 1919 593 1979 luco
603 1917 692 2000 juxta
705 1917 892 1996 Albuneam3
910 1940 1025 1982 nomen
1038 1934 1083 1981 est

36 2001 154 2080 fontis:
173 2006 338 2071 exhalabat
357 2029 428 2071 vero
446 2009 517 2070 fons
536 2023 718 2090 corruptum
737 2020 891 2089 putorem.
909 2008 1082 2070 Albuneam

36 2091 96 2152 dat
111 2091 195 2172 luco,
208 2101 282 2180 quia
297 2099 403 2160 nullus
415 2099 504 2160 lucus
515 2117 601 2157 sacer
613 2097 728 2178 absque
741 2095 838 2156 fonte.

80 2182 129 2242 85.
141 2184 224 2246 Dicit
234 2189 265 2246 in
276 2209 348 2249 eum
358 2190 465 2250 lucum
475 2186 601 2248 solitam
612 2185 767 2246 confluere
777 2185 952 2243 universam
962 2185 1083 2244 Italiam
1160 2220 1163 2226 ι
1247 2219 1251 2224 -

39 2267 82 2327 ad
98 2272 231 2348 petenda
246 2274 371 2334 oracula
382 2279 415 2334 in
427 2277 518 2336 rebus
533 2270 653 2344 dubiis3
674 2269 862 2351 adhibetque
873 2271 987 2346 ritum‚·
999 2270 1085 2352 quod

39 2358 74 2417 id
88 2355 186 2418 fieret.
198 2360 328 2422 Ferebat
341 2363 488 2424 Sacerdos
500 2383 603 2423 secum
617 2359 716 2435 dona,
730 2359 762 2418 id
777 2372 834 2434 est,
851 2379 938 2433 oves,
950 2379 1024 2418 nam
1039 2361 1084 2419 sic

40 2448 249 2527 interpretor,
269 2449 381 2531 quibus
400 2453 485 2512 caesis
505 2453 538 2510 in
557 2469 664 2509 earum
682 2446 817 2530 pellibus
838 2445 1030 2506 dormiebat:
1050 2468 1085 2508 ac

41 2566 129 2616 tinum
139 2565 300 2620 sacrificasse
311 2582 414 2622 astante
423 2571 542 2624 Lavinia.
587 2569 657 2620 Seru.
672 2568 755 2619 —De
769 2565 821 2618 hoc
834 2565 944 2618 oraculo
959 2565 1020 2618 ride
1031 2566 1084 2618 Ex-

40 2647 152 2699 Serv.-
158 2647 243 2700 Castis.
252 2643 398 2702 Commune
406 2655 544 2702 sacrorum
588 2665 696 2698 cursum
709 2646 758 2712 Vl,
770 2657 834 2696 tom.
847 2646 896 2718 llI,
906 2663 967 2716 pag.
981 2645 1041 2699 380.

43 2723 202 2796 epithetum.
215 2727 255 2779 lta
265 2727 311 2780 lib.
323 2731 373 2781 lll:
390 2731 468 2782 «Hae
478 2730 544 2781 casti
623 2729 666 2795 84.
679 2726 827 2798 Mephitim.
840 2724 966 2795 Mephitis
976 2727 1086 2796 proprie

43 2817 170 2857 maneant
191 2806 219 2856 iu
238 2807 375 2879 relligione
396 2820 516 2880 nepotes.
529 2832 540 2856 ι
589 2818 629 2859 est
641 2818 716 2858 terrae
725 2817 820 2876 putor,
834 2805 879 2874 qui
891 2801 925 2854 de
935 2805 1011 2873 aquis
1023 2822 1087 2854 nas-

44 2883 186 2955 Quidquid
196 2887 265 2937 enim
275 2899 377 2942 castum
389 2900 443 2954 est,
459 2906 546 2958 oppo-
589 2887 659 2938 citur
670 2884 848 2956 sulphuratis:
863 2893 889 2934 et
901 2893 941 2932 est
953 2884 981 2933 in
995 2899 1087 2933 nemo-

44 2966 121 3016 nitur
141 2965 284 3018 scelerato:
305 2966 407 3020 AEneid.
428 2967 474 3020 lib.
493 2970 544 3018 Vl:
589 2967 663 3018 ribus
685 2966 791 3037 gravior
809 2981 841 3014 ex
861 2959 992 3013 densitate
1011 2959 1089 3013 silva-

50 3041 147 3094 ..Nulli
160 3044 200 3095 las
217 3059 291 3098 casto
308 3046 466 3100 sceleratum
481 3048 546 3100 insi·
590 3063 657 3096 rum.
676 3045 729 3096 Alii
746 3041 877 3115 Mephitin
895 3040 981 3092 Deum
995 3039 1089 3092 volunt

46 3133 118 3174 stere
132 3120 244 3175 limen.»
589 3123 747 3176 Leucothea
770 3137 938 3174 connexum:
960 3121 1029 3170 sicut
1050 3132 1090 3171 est

86 3200 127 3270 76.
140 3203 261 3254 Fumida.
281 3205 310 3256 ln
325 3206 400 3264 fumo
414 3217 547 3257 estcausa
590 3206 687 3257 Veneri
712 3203 827 3268 Adonis,
855 3201 946 3252 Dianae
971 3199 1088 3251 Virbius.

47 3281 548 3351 lacrymarumetbelli--Voicunum
589 3284 643 3337 Atti
664 3284 795 3357 Mephitin
820 3283 952 3333 iunonem
978 3279 1089 3348 volunt,

48 3377 173 3432 sparpere.
192 3361 346 3414 Incendium
357 3364 483 3416 bellicum
495 3365 548 3434 sig·
592 3355 672 3435 quam
681 3379 830 3417 aeremesse
838 3371 950 3412 constat.
958 3359 1086 3412 Novimus

50 3437 158 3490 nificat:
177 3437 218 3491 his
237 3444 308 3494 enirn
324 3443 430 3494 duobus
446 3443 497 3494 hoc
514 3442 548 3494 ab
593 3456 680 3495 autem
688 3456 811 3514 putorem
819 3458 872 3491 non
880 3439 931 3490 uisi
940 3457 971 3490 ex
979 3457 1090 3510 eorrup-

52 3521 165 3590 augurio
182 3518 262 3572 distat
277 3522 397 3583 Ascanil;
416 3521 503 3587 fumo,
523 3533 550 3572 et
593 3525 665 3581 tione
679 3523 747 3573 aeris
763 3521 853 3582 nasci;
867 3519 935 3570 sieut
949 3519 1029 3569 etiam
1043 3519 1091 3570 bo·

54 3599 207 3668 aspersione
219 3597 392 3652 flammarum.
402 3601 472 3652 Serv.
594 3619 658 3654 num
670 3599 781 3652 odorem
795 3597 828 3650 de
843 3615 903 3650 aere
916 3599 1071 3668 incorrupto
1084 3620 1091 3650 :

92 3676 133 3728 81.
151 3677 188 3728 A:
201 3695 251 3728 rex.
271 3679 331 3728 Non
346 3678 425 3744 dixit,
441 3680 550 3750 virginis
594 3693 624 3731 ut
636 3681 669 3730 sit
680 3678 803 3750 Mephitis
813 3678 870 3728 Dea
887 3675 977 3728 odoris
992 3679 1092 3748 gravis·

55 3768 147 3828 pater:
160 3773 223 3807 nam
236 3756 361 3827 publicus
372 3770 456 3808 status
471 3775 551 3828 quam
596 3761 668 3826 simi,
680 3753 769 3825 idest,
779 3775 858 3828 grave
866 3755 970 3808 olentis.
979 3757 1047 3808 Serv.
1056 3786 1091 3796 -

56 3835 115 3886 liliae
127 3836 217 3905 potior
227 3835 287 3886 fuit.
304 3836 400 3888 Donat.
412 3865 448 3874 -
459 3837 550 3888 Fauni.
596 3837 663 3889 Vide
672 3839 825 3901 notas‚v0l.
834 3837 917 3906 111‚p.
928 3835 991 3904 264,
999 3849 1026 3887 et
1033 3853 1091 3906 sqq.

55 3918 162 3968 Faunus
174 3909 223 3966 sini
233 3915 273 3971 nit
284 3915 357 3982 assic
369 3915 469 3984 dictus,
479 3916 552 3988 qnod
608 3956 610 3961 .
632 3917 674 3968 88.
685 3915 813 3966 Incubuit.
831 3915 956 3966 Incuhare
968 3914 1096 3966 dicuntur

56 4013 135 4063 voce,
147 4013 204 4048 uon
215 3997 310 4068 signis,
327 3989 443 4052 osteirdit
453 3997 550 4050 futura.
596 3996 705 4068 proprie
716 3993 758 4062 hi,
775 3995 819 4065 qui
833 3992 967 4048 dormiunt
979 3992 1013 4046 ad
1024 3994 1094 4046 acci·
