2676 4602
349 291 404 354 tu
427 291 661 357 uncinos
683 291 775 356 stru.
799 295 838 356 v.
1046 285 1104 366 soi

68 413 243 496 assignavit
249 409 396 493 juvencos
406 425 520 487 ternos,
529 413 617 489 vina,
629 415 746 493 argenti
759 414 928 474 talentum:
941 417 1044 499 itaque
1055 443 1109 480 vo-

67 503 153 576 luit,
172 513 206 560 ut
223 504 350 582 remiges
369 521 492 582 quoque
506 514 536 560 et
547 499 710 576 nauarchi,
725 502 778 581 qui
797 523 859 562 una
878 503 1109 584 insudaveram,

67 590 239 671 participes
254 603 353 647 essent
365 586 486 648 laetitiae.
499 587 559 647 lsta
576 588 743 666 remigibus
757 601 787 647 ct
801 589 972 666 navarchis3
988 595 1108 654 victori-

69 679 134 737 bus
149 697 222 736 vero
237 680 363 758 ι’ξαιρὸτως
374 674 472 734 donat
484 680 528 734 sal
542 676 597 734 κατ’
611 679 716 754 ὃξοχήν,
731 673 791 734 boc
802 691 845 735 est
857 680 940 740 enirn
953 683 1110 762 precipuos

71 764 208 825 honores.
228 764 284 824 Sed
307 765 360 845 qui
378 761 412 823 hi
432 763 581 824 victores?
600 765 688 824 Certe
707 763 895 842 Cloanthus,
915 768 1109 846 Mnestheus,

70 853 175 933 Gyas:
192 871 265 910 uam
278 852 430 932 Sergestus
444 871 510 910 uon
525 853 636 921 victor,
654 850 707 910 sed
724 853 836 926 ‘victus3
850 866 880 912 et
896 853 943 912 illi
959 858 1062 934 potius
1074 879 1109 917 ex

70 941 229 1022 promisso,
243 959 337 1020 quam
348 961 383 999 ex
399 941 525 998 victoria
538 937 644 998 datum
658 941 821 1021 praemium
833 962 839 998 :
853 940 925 1000 inde
939 955 996 1016 est,
1009 955 1043 1002 ut
1055 943 1110 1004 illa

72 1049 198 1088 munera
213 1031 244 1088 in
255 1050 342 1090 naues
354 1031 473 1110 capiam
490 1040 612 1089 tantum
627 1028 665 1088 de
682 1025 992 1106 navibusCloantbi,
1008 1034 1111 1093 Mnes-

72 1116 156 1194 thei,
171 1120 265 1200 Gyae:
281 1139 355 1179 nam
368 1118 402 1178 hi
416 1131 593 1202 prasentes,
607 1139 673 1179 non
687 1119 839 1199 Sergestus
852 1141 859 1178 :
872 1131 901 1178 et
914 1123 987 1179 terni
991 1116 1112 1203 juvenci

71 1227 143 1268 uon
156 1220 242 1281 sunt,
255 1209 335 1267 terni
349 1208 477 1288 siugulis
492 1205 640 1283 naribus3
655 1206 706 1266 sed
718 1206 846 1267 cuilibet
860 1207 985 1281 unicus;
997 1221 1026 1266 et
1039 1208 1110 1268 ideo

72 1297 173 1371 terni,
187 1297 259 1376 quia
274 1315 368 1356 naves
382 1309 451 1357 tres.
1045 1316 1047 1324 ¹

115 1382 186 1442 250.
195 1383 295 1464 Pergit
302 1383 341 1442 ad
349 1384 611 1466 praemium,quod
621 1383 728 1444 datum
736 1385 847 1444 victori
855 1385 997 1443 omniurn
1004 1383 1112 1444 Cloan-

75 1469 149 1546 tho;
160 1468 227 1532 hae'c
240 1486 284 1532 est
295 1471 449 1556 chlamys:
463 1471 645 1534 describitur
656 1472 748 1554 hujus
760 1475 902 1549 materia,
914 1472 1015 1532 forma
1027 1493 1112 1533 :ma-

73 1563 169 1634 teria3
183 1579 257 1620 uam
271 1581 307 1620 ex
318 1582 409 1636 auro,
424 1576 456 1621 et
468 1583 622 1644 purpura3
636 1577 667 1621 et
685 1560 751 1622 hoec
766 1581 905 1642 purpura
917 1560 996 1619 facta
1014 1561 1113 1621 abar-

73 1645 210 1708 tificibus
223 1646 333 1708 insula
345 1648 498 1709 Meliboeae
510 1671 517 1707 :
529 1669 603 1708 narn
617 1647 683 1707 baec
695 1667 833 1729 purpura
849 1649 944 1706 instar
954 1647 1040 1707 lluvii
1055 1646 1113 1706 du·

74 1733 167 1815 plicis
181 1755 235 1815 per
248 1747 362 1795 vestem
374 1735 516 1795 lluitabat
531 1737 619 1795 vario
632 1757 723 1796 cursu
742 1753 946 1813 recursuque:
963 1752 1032 1814 quae
1047 1754 1113 1814 per·

73 1826 180 1883 tinent
189 1823 227 1882 ad
241 1843 410 1905 purpuram
423 1823 571 1906 capienda
582 1822 757 1883 tantum'de
768 1843 839 1896 ora,
850 1835 882 1880 et
893 1819 1025 1880 fimbria.
1036 1822 1113 1897 Quae

74 1925 262 1994 sequuntur,
279 1916 386 1974 omnia
403 1915 558 1996 pertinent
576 1913 614 1974 ad
633 1914 786 1974 formam:
801 1911 1000 1993 placuit'vero
1016 1923 1113 1992 poetae

74 1999 239 2059 historiam
253 2001 439 2082 Ganymedis
452 2002 585 2060 intexere
600 1999 674 2060 huic
688 2001 773 2080 operi
793 2018 829 2056 ex
846 2017 961 2077 magno
972 1994 1090 2076 judicio
1104 2020 1111 2055 :

73 2087 210 2148 celebrat
223 2089 307 2148 enim
324 2075 466 2170 princeps
474 2085 576 2168 Trojae
594 2089 702 2146 AEneas
722 2085 869 2165 principis
885 2085 972 2163 pueri
986 2082 1112 2164 Trojani

73 2187 262 2250 successum,
275 2195 340 2235 nou
352 2175 532 2255 confugiens
547 2172 586 2233 ad
601 2172 715 2231 alienas
726 2168 877 2228 historias.

66 2295 71 2308 ν
117 2264 185 2325 258.
204 2266 253 2324 Fit
266 2265 411 2323 transitus
431 2265 465 2321 in
481 2259 631 2342 particula
643 2271 688 2330 ut,
708 2256 747 2315 ad
766 2253 962 2314 Mnestheum
982 2253 1114 2316 alterum

74 2356 250 2439 principem
262 2374 279 2412 e
290 2351 506 2423 certatoribus,
521 2363 553 2408 ct
566 2369 637 2408 cum
656 2343 883 2427 significatione
897 2365 963 2403 nou
975 2342 1113 2424 vulgari,

76 2446 164 2528 quasi
178 2445 260 2504 dicat
272 2465 279 2502 :
293 2440 463 2514 Cloantho,
483 2440 536 2520 qui
551 2439 679 2520 adeptus
693 2449 736 2496 est
753 2437 913 2495 victoriam
928 2433 1069 2517 precibus
1083 2448 1114 2496 et

74 2537 174 2610 votis,
193 2533 265 2593 data
283 2544 327 2591 est
347 2528 506 2612 chlamys,
526 2549 595 2609 quoe
613 2526 732 2587 etiamsi
745 2525 904 2600 militaris,
918 2537 1023 2584 tamen
1042 2545 1113 2585 cum

74 2637 160 2686 textu
171 2623 255 2696 auri,
267 2642 337 2682 cum
350 2639 505 2701 purpura,
517 2637 589 2678 cum
601 2614 784 2689 Maeaudris,
803 2635 874 2674 cum
889 2611 997 2672 fabula
1009 2615 1113 2695 Gany-

76 2713 190 2786 medis3
204 2722 236 2770 at
249 2710 316 2767 viro
329 2708 390 2781 illi,
401 2709 469 2787 qui,
479 2725 546 2764 uon
557 2705 714 2786 precibus,
728 2701 781 2762 sed
796 2703 910 2761 virtute
921 2702 1058 2760 obtinuit
1071 2723 1114 2761 se·

74 2799 214 2864 cundum
228 2794 348 2867 locum,
362 2793 453 2851 datur
465 2790 562 2850 lorica
578 2789 679 2849 hamis
698 2801 728 2846 et
742 2807 818 2846 auro
837 2798 991 2859 conserta,
1005 2786 1112 2859 idest,

74 2890 178 2951 hamis
193 2885 309 2946 aureis:
323 2895 352 2941 et
365 2879 432 2940 haec
446 2879 542 2955 trilix;
556 2898 629 2936 uam
643 2876 730 2935 hami
743 2887 830 2934 erant
845 2874 1008 2955 triplicati,
1022 2887 1114 2954 atque

78 2985 175 3040 instar
181 2975 340 3046 liciorum3
353 2970 407 3052 qui
418 2970 511 3029 etiam
522 2968 626 3050 politi,
639 2979 668 3026 et
680 2965 823 3046 laevigati.
835 2966 923 3023 Hanc
934 2965 1041 3023 AEneas
1049 2965 1114 3045 ipsc

78 3118 138 3173 est,
154 3101 292 3175 porriciam
309 3095 452 3169 legendum
469 3107 528 3160 ast,
546 3092 575 3145 id
620 3111 673 3165 quo
690 3103 717 3144 et
732 3091 809 3142 Hom.
826 3087 901 3140 lliad.
918 3087 983 3150 XX;
996 3100 1022 3139 et
1035 3085 1113 3140 Ovid.

76 3199 118 3238 ast
126 3225 136 3252 ,
145 3178 335 3255 pomjaciam.
348 3174 420 3227 Serv.
618 3175 727 3226 Metam.
735 3171 769 3236 X,
778 3169 802 3222 5.
811 3169 955 3239 Comparat
963 3179 1050 3220 autem
1057 3167 1114 3220 baro

116 3262 176 3329 248.
188 3258 326 3330 Datferre.
336 3255 456 3308 Graecum
468 3264 508 3305 est
519 3250 574 3302 duo
619 3271 680 3304 cum
691 3251 751 3303 aliis
764 3248 859 3319 Scalig.
870 3248 902 3312 V,
916 3247 955 3298 16.
964 3246 1114 3298 Taum.-

75 3343 163 3396 verba
175 3340 349 3408 conjungere,
363 3347 392 3386 ut
401 3333 483 3405 paulo
496 3343 571 3403 post:
618 3331 686 3384 Vide
697 3331 841 3381 Excursum
852 3327 895 3392 lV,
908 3324 958 3375 vol.
969 3327 1017 3389 lll,
1027 3345 1053 3396 p.
1064 3325 1113 3394 94,

81 3424 190 3476 “Donat
199 3418 298 3470 habere
306 3416 383 3467 viro»
395 3437 401 3466 ι
412 3413 460 3466 sed
469 3413 521 3464 hoc
529 3410 574 3464 da·
618 3411 651 3464 de
664 3421 743 3480 raptu
752 3404 911 3478 Ganymedis
923 3403 986 3454 huic
994 3403 1113 3476 ,chlamy-

74 3519 124 3557 tur
135 3500 229 3572 poetis.
241 3497 311 3549 Serv.
618 3488 646 3540 di
660 3490 767 3540 intexto.

117 3580 176 3633 252.
193 3573 293 3649 Regius.
309 3574 386 3624 Trois
403 3573 473 3644 regis
491 3571 574 3642 Phry·
662 3567 721 3619 258.
747 3565 848 3620 Virtute
870 3561 1017 3615 mudum.
1043 3562 1114 3630 Quia

78 3665 129 3736 giae
141 3659 217 3711 lilius.
225 3656 431 3724 -Intextusque
438 3670 510 3722 puer.
521 3650 576 3722 Sig·
619 3650 720 3720 primm
737 3645 830 3696 lavore
847 3644 947 3694 vicerat
958 3643 1112 3694 numinum:

80 3742 188 3804 nificat,
197 3733 333 3804 chlamydi
344 3734 472 3784 intextum
480 3732 576 3796 fuisse,
621 3726 692 3778 unde
707 3737 733 3777 et
746 3723 855 3794 prumia
865 3721 962 3773 dantur
978 3741 1112 3794 congrua:

81 3833 224 3894 quovpacto
233 3811 413 3885 Ganymedes,
422 3810 498 3860 Trois
508 3811 577 3880 regis
621 3806 660 3858 illi
667 3803 801 3874 chlamys,
813 3800 923 3852 deorum
932 3803 1116 3860 conanensta-

79 3902 168 3968 filius,
184 3900 212 3948 in
221 3905 320 3947 venatu
332 3888 367 3942 ud
376 3900 492 3940 montem
504 3886 578 3940 ldam
622 3883 727 3936 bulam:
741 3881 803 3932 huic
813 3880 911 3948 lorica,
926 3879 954 3934 id
965 3893 1019 3948 est,
1030 3883 1114 3934 virtu-

80 3981 118 4034 ab
128 3975 227 4049 Aquila
239 3975 268 4026 iu
279 3969 369 4028 aulum
381 3970 415 4060 sit
426 3977 526 4040 raptus.
538 3966 578 4018 De
623 3964 656 4016 tis
670 3963 780 4040 insigne.
790 3960 859 4014 Seru.
