2644 4614
231 361 292 438 ,lla
558 359 939 424 COMMENTARIA

226 483 373 564 opposui,
393 484 418 542 s'i
436 498 558 564 possem
574 482 738 544 retardare.
760 481 816 542 Sed
836 501 907 543 ecce
921 479 1002 541 nihil
1019 483 1134 541 omnia
1149 477 1268 564 profue
1305 490 1306 572 l

226 581 315 642 runt3
327 586 401 628 nam
412 571 491 630 vires
500 572 651 646 lunonis,
665 570 747 647 caeli,
760 572 869 646 maris,
881 572 980 652 Syrtes
990 571 1103 645 etiam,
1116 567 1233 650 Scylla,
1244 579 1268 626 et

225 655 413 740 Charybdis,
426 663 531 720 omnia
546 661 605 722 ista
620 663 744 722 minora
756 674 830 720 sunt
842 657 912 720 illis.
927 659 1002 720 ldeo
1016 659 1207 721 concludit:
1221 655 1267 716 ha·
1305 653 1306 724 l

223 742 299 804 bent
311 748 396 827 quod
408 750 573 831 optabant,
587 750 792 810 conduntwin
801 748 883 810 alveo
896 747 1042 830 Tybridis,
1055 751 1155 808 securi
1165 743 1268 829 pelopi,
1305 733 1306 788 l

223 838 315 894 securi
328 841 398 912 mei,
414 853 483 920 qua
495 861 552 921 per
563 840 691 922 pelagus
704 840 901 900 infestissima
916 849 1049 922 sequuta
1062 837 1137 897 illos
1150 857 1231 897 sum.

264 924 332 1006 307.
345 929 386 988 Ut
400 947 431 989 se
443 929 482 988 ad
498 928 631 1010 majores
647 928 708 989 iras
720 943 865 1005 exacuat,
879 927 1007 988 adhibet
1019 939 1243 1008 argumentum
1255 945 1269 981 a

225 1011 402 1076 minorihus
412 1019 595 1078 numinibus
605 1019 713 1093 Marte,
725 1032 755 1078 et
765 1015 877 1092 Diana,
888 1017 979 1076 sicuti
991 1017 1024 1074 in
1035 1015 1145 1098 primo
1158 1011 1269 1073 AEneid.

224 1099 264 1158 ah
273 1101 416 1166 Pallade:
431 1115 461 1168 et
470 1110 560 1168 sicuti
572 1108 616 1168 ihi
626 1105 665 1168 ad
675 1105 873 1188 naufragium
885 1107 1054 1188 proposuit
1062 1105 1269 1186 vastationem

223 1189 394 1272 naufragii,
405 1214 469 1277 quo
480 1197 665 1279 absumptus
676 1209 720 1256 est
730 1189 820 1278 aljar,
831 1198 874 1255 ita
884 1195 934 1255 hic
945 1193 984 1254 ad
994 1191 1116 1252 bellum
1129 1193 1270 1252 Latinum

224 1277 437 1342 inchoandum
450 1287 600 1366 proponit
611 1287 799 1344 vastationes
811 1283 986 1358 bellorum,
999 1280 1120 1362 quihus
1134 1277 1271 1362 Lapitha

225 1365 383 1449 absumpti
400 1385 474 1431 sunt
491 1393 508 1432 a
524 1365 638 1448 Marte,
660 1385 689 1432 et
705 1369 847 1455 Calydon
865 1393 883 1431 a
899 1371 1010 1431 Diana.
1031 1367 1183 1442 Fabula,
1203 1385 1272 1448 quas

226 1457 365 1537 attingit,
386 1458 533 1521 serviano
551 1462 606 1522 iilo
623 1466 689 1524 istae
705 1473 786 1522 sunt.
809 1459 968 1521 Pirithous
984 1457 1048 1519 ilex
1068 1456 1273 1539 Lapitharum

224 1548 349 1606 vocavit
364 1548 480 1609 ducens
496 1568 625 1611 uxorem
643 1551 682 1610 ad
694 1554 874 1612 convivium
892 1563 922 1610 et
938 1551 1129 1622 Centauros,
1150 1559 1184 1606 ct
1197 1545 1271 1604 Deos

224 1631 361 1715 reliquos
377 1652 505 1720 excepto
522 1641 638 1714 Μανιος
657 1638 709 1699 hic
726 1641 825 1699 iratus
837 1637 976 1697 lotorem
993 1637 1145 1710 immisit,
1166 1654 1231 1714 quo
1247 1651 1272 1690 se
1306 1667 1307 1672 κ

224 1721 371 1782 Centauri
388 1739 417 1783 et
435 1725 575 1806 Lapithae
592 1727 803 1788 confecerunt.
826 1725 958 1804 OEneus
971 1723 1145 1806 Calydonis
1161 1723 1226 1782 Rex
1239 1718 1271 1778 dc
1306 1739 1307 1796 ς

223 1811 369 1888 primitiis
381 1813 564 1874 sacnficavit
576 1813 923 1897 numinibus-reliquis,¹
933 1815 1035 1873 Diana
1048 1826 1200 1892 excepta3
1212 1808 1271 1867 hac
1306 1815 1307 1888 p

224 1896 424 1978 irataaprunr
435 1903 577 1977 immisit,
589 1924 653 1984 quo
665 1915 783 1963 vastata
793 1917 836 1962 est
846 1901 1001 1983 Calydon.
1011 1898 1112 1980 Ergo,
1123 1902 1186 1974 ait,
1195 1899 1272 1957 Mars

224 1983 361 2062 perdidit
373 1987 537 2068 lapithas,
550 1993 678 2050 assensit
687 1984 835 2074 luppiter
847 1991 956 2050 Dianae
969 1987 1024 2047 iris
1038 1987 1078 2046 ad
1090 1985 1272 2046 vastandam

226 2070 402 2154 Calydona,
414 2088 510 2155 quum
522 2089 626 2138 tamen
636 2094 701 2139 non
714 2093 834 2138 tantam
844 2087 971 2159 poenam
983 2088 1040 2134 ant
1051 2072 1211 2156 Lapithae,
1225 2085 1273 2130 aut

226 2159 366 2242 Calydon
383 2181 583 2226 mererentur.
598 2170 655 2228 Hic
668 2170 751 2228 enim
766 2165 857 2227 scelus
866 2181 925 2248 pro
939 2183 1033 2246 poena
1045 2164 1173 2245 posuit,
1187 2164 1272 2220 inter·
1306 2189 1307 2210 ι

225 2264 312 2332 prote
326 2253 445 2330 Servio,
459 2268 493 2316 ut
508 2259 643 2317 secundo
659 2256 778 2317 AEneid.
794 2253 885 2316 tuclus
896 2253 1062 2332 ramese
1078 2262 1244 2311 merentem.

266 2335 332 2410 308,
349 2341 574 2404 accommodat
588 2359 664 2405 rem.
677 2347 792 2419 Diana,
804 2351 838 2403 etl
847 2338 932 2402 Mars
945 2341 1155 2401 atrocissimas
1169 2355 1272 2420 poenas

227 2433 395 2508 exegerunt·
404 2433 437 2491 in
449 2437 571 2496 minore
581 2436 671 2518 culpa
682 2459 689 2510 ;
701 2455 758 2517 ego
768 2447 852 2508 vero,
866 2452 936 2514 quae
946 2428 1056 2514 conjux
1064 2433 1147 2492 tota
1158 2449 1273 2510 magno,
1307 2477 1308 2510 ,

226 2519 328 2576 noceor
338 2535 403 2580 non
416 2543 434 2581 a
448 2525 589 2607 Lapithis
601 2525 816 2599 ferocissimis,
830 2543 895 2582 non
908 2523 948 2581 ab
960 2522 1083 2601 integra
1096 2521 1178 2578 urbe
1190 2516 1273 2596 Caly·

227 2603 327 2681 done;
346 2609 401 2670 sed
414 2611 454 2670 ab
466 2632 530 2673 uno
542 2617 651 2687 Enoc,
671 2634 740 2694 quae
753 2626 856 2672 tamen
868 2612 969 2692 potui,
983 2627 1047 2668 non
1061 2609 1170 2666 minus
1185 2621 1273 2686 atque

228 2693 290 2768 tin,
309 2696 500 2763 altinonam
518 2702 740 2786 taquam-qua
754 2723 798 2762 me
811 2705 842 2761 tn
854 2702 955 2761 omna
969 2701 1055 2772 verti,
1069 2712 1106 2756 ut
1121 2695 1195 2757 uros
1210 2716 1273 2776 rr·
1307 2733 1308 2798 ,

227 2785 349 2862 demum
368 2789 422 2849 sed
442 2795 513 2852 satis
531 2793 713 2868 infeliciter,
733 2811 831 2874 quum
850 2787 930 2848 nihil
950 2785 1150 2869 profecerim.
1176 2783 1273 2863 Pergit
1307 2803 1308 2824 ³

228 2871 356 2936 huncio
368 2877 499 2938 modum
511 2903 517 2940 :
531 2885 555 2942 si
568 2884 610 2942 ita
617 2881 683 2964 jam
694 2882 900 2942 constitutum
911 2886 973 2950 est,
988 2889 1026 2934 ut
1038 2873 1121 2934 nihil
1132 2875 1203 2954 ipsa
1212 2891 1273 2953 pos·

220 3091 224 3093 .
264 3037 323 3090 dot.
337 3039 393 3093 Aut
402 3039 494 3110 Scylla
503 3041 577 3093 mihi.
589 3044 660 3096 Bene
674 3045 726 3094 mia
770 3039 945 3113 petraverint,
953 3053 1054 3088 nocere
1063 3053 1117 3086 non
1128 3051 1218 3104 posse.
1228 3031 1274 3082 Su·

230 3117 275 3168 hl*
290 3137 321 3172 ³⁰
335 3122 362 3170 Sl*
372 3119 486 3182 dl⁰⁰P013
508 3123 588 3174 eliam
607 3134 665 3194 quae
678 3143 727 3196 per
771 3123 824 3172 tius
837 3119 870 3171 de
886 3119 1004 3181 Venere,
1027 3113 1199 3166 «infandum
1213 3123 1273 3164 nata

230 3215 304 3248 suain
320 3211 444 3252 naturam
457 3201 544 3254 solent
560 3221 670 3270 nocere,
685 3223 727 3256 me
772 3199 905 3257 concessit
919 3195 1082 3246 honorem.»
1097 3195 1172 3246 Serv.

228 3293 358 3349 rogante,
380 3298 440 3337 vnon
464 3293 610 3352 potuerunt
633 3282 728 3334 obesse
806 3279 865 3347 309.
888 3277 951 3346 Quoe
963 3274 1041 3345 potui
1055 3271 1160 3344 infelix.
1185 3271 1273 3331 idest,

229 3357 359 3426 T¹⁰l³¹¹l⁸·
372 3361 441 3412 Serv·
772 3375 886 3422 nocens,
899 3359 983 3407 irata:
995 3367 1026 3404 ut
1036 3365 1146 3428 contra3
1161 3353 1195 3404 sis
1202 3349 1273 3422 felix,

264 3439 324 3503 304Ι
338 3441 410 3490 Man
419 3439 523 3511 parea
532 3449 644 3512 pentem.
658 3433 727 3492 tane
772 3437 866 3502 idest,
885 3436 1015 3508 propitia.
1035 3433 1106 3485 serv.
1118 3462 1153 3470 -
1164 3431 1215 3484 nu
1232 3429 1275 3480 tn-

229 3517 293 3568 helli
303 3532 329 3569 et
340 3520 497 3571 vastationis
506 3522 599 3590 quaerit
607 3519 728 3591 exempla
772 3535 848 3591 quere
856 3517 940 3589 potui.
951 3517 1016 3580 Pro,
1029 3511 1098 3564 nihil
1107 3513 1233 3562 inausum
1241 3527 1274 3560 re·

137 3601 140 3610 “
229 3597 256 3644 in
268 3597 347 3649 rebus
362 3597 529 3667 hujusmodi3
541 3617 555 3649 a
567 3599 663 3669 quibus
675 3601 727 3651 iras
772 3597 848 3668 liqui.
859 3595 973 3666 Elegans
988 3591 1067 3644 verhi
1081 3593 1193 3642 Possum
1207 3605 1274 3646 nsus;

230 3681 291 3724 s'nas
304 3677 439 3741 accondit,
453 3689 479 3729 et
487 3677 604 3730 ostendit
612 3682 728 3731 minores
774 3677 807 3729 de
820 3693 873 3748 quo
886 3676 1003 3746 plurima
1017 3673 1050 3724 G.
1066 3671 1204 3724 Canterus
1215 3671 1274 3720 lior.

230 3753 299 3803 Deos
323 3755 357 3806 ad
376 3755 484 3826 ple‘nuni
504 3775 531 3810 se
554 3757 728 3811 defendisse:
773 3757 895 3823 Lectli,
910 3773 932 3806 2.
951 3753 1033 3806 Touh.
1048 3747 1276 3804 -Memettttut-

231 3847 369 3900 comparat
383 3848 491 3901 causas,
506 3837 618 3904 delicta,
631 3844 658 3890 et
669 3851 731 3910 per·
775 3847 831 3890 tu'm
848 3835 956 3900 efficax,
974 3835 1010 3907 ait
1028 3829 1168 3906 Scaliger:
1187 3837 1223 3884 ita
1234 3831 1277 3882 Ca·

231 3927 318 3960 sonas.
774 3917 873 3970 tullus:
892 3915 1041 3986 uConjngis
1057 3913 1145 3966 infido
1161 3911 1277 3966 consoler

268 3989 326 4041 305.
343 3993 473 4043 Concessit.
487 3993 550 4046 ideo
561 3995 639 4063 dixit,
651 4011 680 4050 ut
689 4015 730 4051 os·
775 4007 872 4050 memet
883 4015 982 4048 amore.
996 4017 1007 4040 a

232 4069 353 4121 tenderet
366 4070 603 4139 mincianumina,
616 4079 667 4127 nisi
679 4080 730 4129 im·
810 4079 871 4130 310.
890 4077 987 4132 Vincor
1006 4075 1039 4126 ab
1058 4077 1156 4128 AEnea-
1181 4075 1279 4126 Nomen
1307 4109 1308 4116 κ
