2670 4596
242 274 281 317 ro
567 251 945 316 COMMENTARIA

236 394 305 454 quae
319 393 422 432 eversa
434 375 581 434 Romanis
596 374 723 434 viribus.
747 377 872 434 Tenuere
887 371 974 432 illam
988 370 1086 434 count
1103 378 1199 456 Tyrii,
1222 380 1275 457 qui

234 483 297 520 una
310 481 380 522 cum
390 461 512 524 Didone
523 461 654 544 profecti
667 473 739 522 sunt
748 483 764 522 e
773 463 854 542 Tyro
867 462 899 520 in
912 482 948 520 ea
960 461 1029 522 loca
1041 461 1167 525 Africae:
1181 487 1274 547 porro

151 553 153 559 ’
234 550 330 612 verbo
343 553 402 610 isto
418 566 497 614 teneo
511 573 590 633 saepe
603 554 763 634 scriptores
777 549 933 632 explicant
948 550 1034 624 illos,
1051 555 1106 634 qui
1118 573 1218 614 novas
1234 575 1276 615 se·

234 638 288 698 des
301 653 462 720 occupant.
478 640 534 702 sed
547 641 601 700 ubi
614 642 672 700 sita
685 637 857 718 Carthago?
874 652 975 700 contin
988 637 1124 715 ltaliam,
1136 641 1171 701 id
1184 655 1244 710 est,
1258 665 1274 701 e

234 728 360 806 regione
374 728 486 790 ltalite:
502 730 555 789 ubi
568 727 736 809 signatius?
748 730 847 808 Louqe
855 740 955 786 contro
967 729 1041 787 ostia
1053 729 1216 810 Tyberim
1224 734 1275 792 sci·

232 813 322 890 licet,
334 818 392 878 site
405 832 448 877 cst
460 819 492 878 in
505 817 605 878 Africa
617 831 724 877 contra
740 837 807 876 enm
819 829 940 897 partem
951 814 1064 890 ltalioe,
1077 820 1275 900 quaTylreris

234 904 268 962 in
282 925 367 966 mere
379 907 491 968 influit.
505 909 581 984 Qnae
592 927 667 966 vero
678 920 725 966 est
735 907 792 964 ista
805 905 895 978 urbs,
908 904 1023 987 inclyta
1033 908 1162 988 opibus,
1176 925 1276 968 armo·

233 1013 304 1052 rum
317 995 434 1070 studio,
451 999 585 1056 lunonis
597 994 744 1054 numine?
760 996 938 1054 Extremum
951 993 1079 1054 dilatat:
1096 1017 1173 1056 nam
1186 1019 1276 1058 unam

233 1080 453 1162 Carthaginem
470 1087 550 1144 Jnno
563 1084 661 1165 serm
676 1080 797 1142 coluisse
815 1084 908 1163 maqis
928 1085 1006 1142 terris
1024 1083 1179 1144 omnibus:
1200 1087 1275 1166 quin

233 1164 320 1228 illam
341 1170 477 1250 praetulit
497 1171 602 1244 Samo,
628 1171 682 1228 ubi
705 1168 770 1230 hoec
788 1171 853 1230 Dea
874 1182 961 1244 nata,
985 1173 1119 1244 nutrita,
1138 1173 1276 1254 impense

233 1256 331 1316 culta:
346 1262 461 1320 amoris
472 1259 566 1339 hujus
578 1275 608 1319 et
620 1261 713 1341 pretii
726 1261 911 1340 signarunt,
927 1277 1011 1318 arma
1024 1275 1173 1320 etcurrus
1184 1259 1277 1341 hujus

231 1343 319 1418 Deae,
343 1367 411 1427 quae
432 1349 531 1428 posita
553 1349 586 1406 in
608 1347 810 1428 Carthagine;
832 1348 885 1407 sed
906 1349 1061 1428 praecipue
1081 1347 1189 1424 favor,
1214 1369 1276 1431 quo

233 1429 321 1490 illam
336 1438 547 1515 prosequitur:
562 1457 650 1510 nam,
666 1437 691 1494 si
706 1434 834 1516 perlata
848 1434 954 1509 licent,
971 1455 1008 1494 eo
1023 1435 1161 1495 destinat
1175 1436 1274 1496 studia

201 1581 205 1586 ,
236 1539 292 1578 sua
306 1521 405 1595 Jun03
418 1543 454 1582 eo
468 1523 579 1597 tendit,
595 1538 630 1582 ut
643 1523 798 1604 Carthago
812 1525 940 1604 imperet
953 1524 1101 1583 omnibus
1113 1524 1275 1604 gentibus,

234 1630 299 1668 non
319 1612 431 1684 Roma3
454 1611 547 1694 idque
565 1628 696 1676 conatur
715 1635 749 1674 ex
769 1636 831 1696 quo
854 1614 1024 1673 constituta
1044 1615 1184 1694 primum
1206 1617 1277 1674 Car-

234 1696 331 1777 thago
346 1713 406 1774 est3
421 1722 494 1761 nam
507 1701 565 1763 hoc
577 1701 707 1786 est,jum
722 1718 792 1764 tum.
815 1707 909 1763 Notat
923 1703 1093 1783 prudenter
1105 1702 1172 1763 lul.
1186 1701 1278 1762 Scali-
1319 1747 1320 1754 κ

236 1805 291 1864 ger
302 1786 406 1847 datam
419 1812 435 1848 a
449 1806 538 1872 poeta
551 1794 794 1852 eminentissimo
808 1813 951 1851 normani
964 1791 1129 1852 laudandae
1139 1792 1226 1851 urbis
1239 1791 1277 1849 ab

192 1953 195 1960 ι
237 1875 441 1956 antiquitate,
453 1882 684 1957 conditoribus,
696 1884 770 1956 situ,
783 1882 913 1964 opibus,
923 1881 1047 1955 studiis,
1056 1881 1167 1940 favore
1177 1883 1279 1941 numi·

235 1983 328 2038 num,
343 1967 468 2029 demum
481 1993 499 2030 a
510 1970 683 2031 caelestibus
696 1973 918 2032 monumentis.

277 2071 322 2132 19.
334 2055 510 2138 Sequuntur
521 2081 570 2119 sex
580 2074 764 2142 argumenta
777 2080 847 2142 quaa
857 2061 999 2118 animum
1009 2059 1143 2117 lunonis
1154 2053 1276 2115 inflam-

234 2141 373 2203 mabant.
385 2148 523 2207 Primum
535 2151 693 2210 sumitura
707 2148 812 2209 futura
826 2151 1039 2209 Romanorum
1053 2145 1212 2226 potentia,
1224 2146 1278 2226 qni

235 2226 360 2291 ducturi
374 2251 476 2296 essent
491 2239 644 2320 originem
660 2237 846 2320 a'lrojanis3
869 2257 930 2320 qua
943 2235 1083 2318 potentia
1097 2235 1280 2316 oppressuri

234 2333 336 2376 essent
352 2321 587 2406 Carthaginem,
604 2339 696 2408 atque
711 2323 845 2387 eversuri
862 2325 969 2386 urbem
982 2325 1070 2385 illam
1084 2323 1185 2382 totius
1200 2321 1280 2380 Afri·

235 2421 279 2462 cae
294 2425 411 2466 arcem:
424 2431 497 2470 nam
510 2415 614 2476 Parcae
623 2416 689 2495 jam
702 2416 949 2489 destinaverant,
963 2427 998 2474 ut
1008 2416 1169 2472 Romanus
1180 2430 1282 2490 popu·

272 2530 311 2581 13.
324 2531 430 2586 Italiam
442 2548 538 2590 contra.
551 2539 662 2593 Constat
678 2543 730 2594 trie
812 2541 851 2592 16.
864 2538 1020 2591 Posthabito.
1033 2537 1094 2585 Non
1104 2545 1280 2602 contempta:

232 2605 317 2660 latera
330 2610 429 2668 habere
440 2618 558 2684 ltaliam,
571 2624 659 2691 superi
673 2637 729 2672 ma·
773 2619 860 2672 sedin
873 2617 996 2670 secundis
1014 2615 1115 2666 habita.
1135 2639 1171 2652 ·-
1183 2613 1266 2664 &mo
1274 2633 1282 2673 ,-

232 2687 285 2752 ris,
298 2690 390 2757 inferi,
410 2707 436 2747 et
451 2697 559 2768 Alpium
573 2719 578 2749 ι
593 2700 665 2752 unde
679 2700 731 2750 tol·
774 2698 833 2750 Hic.
848 2693 1005 2766 lan'nsmodi
1018 2691 1211 2764 complosionis
1226 2693 1282 2743 sive

233 2765 291 2820 lens
301 2785 421 2826 onustam
431 2779 527 2829 erroris
538 2778 649 2848 adjecit:
664 2782 730 2832 Con·
775 2777 860 2828 dictare
883 2775 1003 2845 exempla
1025 2784 1155 2822 notantur
1175 2769 1284 2841 aliquot

236 2859 276 2898 tra
291 2851 409 2906 Tiberina
425 2860 488 2910 ostia
497 2899 506 2925 ,
527 2875 584 2931 qnae
601 2864 627 2912 in
645 2860 731 2912 infero
777 2857 885 2928 triginta
897 2856 924 2908 in
939 2853 1067 2925 Virgilio,
1085 2867 1191 2902 summo
1208 2851 1285 2920 jndi-

236 2930 305 2980 mari
322 2945 398 2996 sunm
414 2947 459 2986 aut
471 2939 611 2990 conoides
624 2939 732 2990 Italiam
777 2938 820 2987 cio
836 2936 915 2986 laeta.
931 2933 999 2985 Vide
1014 2944 1041 2983 et
1057 2927 1224 3001 Scalig.1V‚
1241 2930 1284 2997 48.

236 3017 340 3072 coum,
367 3016 443 3081 quusi
466 3015 499 3067 tls
518 3017 612 3068 romula
631 3017 733 3068 dictum
779 3014 887 3066 Turrim.

236 3087 411 3159 accipiamus,
429 3105 458 3144 ut
474 3111 529 3145 non
547 3107 647 3146 tantum
665 3095 732 3164 situ,
816 3111 855 3164 19.
874 3092 1035 3166 Propeniem.
1057 3089 1105 3142 Vel
1124 3089 1285 3152 Romanam

238 3179 404 3234 quantumst
417 3174 511 3225 animis
520 3185 622 3226 contra.
636 3176 705 3228 Serv.
777 3173 820 3227 val
833 3186 862 3224 nt
881 3172 990 3243 quidam
1002 3171 1095 3222 volunt
1108 3169 1284 3238 Scipionem,

279 3249 311 3315 14
338 3251 485 3325 studiisque
504 3254 642 3324 asperrima
665 3252 731 3305 belli.
778 3251 1124 3326 quiCsrthaginemdiruit.
1136 3251 1211 3304 Sero.

236 3325 362 3381 Caussam
381 3331 498 3384 ostendit
513 3331 677 3397 mirabilem,
694 3331 733 3383 di·
813 3349 854 3386 nr.
875 3331 945 3385 Hinc
964 3331 1093 3404 populum
1111 3329 1166 3380 late
1187 3347 1284 3402 repom.

236 3422 298 3455 cens
312 3405 361 3458 hos
377 3423 403 3460 et
421 3411 563 3464 bellicosos
581 3424 607 3464 et
621 3411 731 3476 divites,
777 3414 880 3467 Scilicet
899 3415 1054 3464 llomanot:
1075 3408 1170 3461 landet
1192 3422 1287 3460 autem

238 3499 320 3552 qnntn
333 3485 460 3541 otiosatit
472 3491 731 3563 semperopulentio.
767 3481 869 3544 ¹eornm
886 3492 1042 3561 imperium,
1059 3487 1179 3540 dicendo
1193 3507 1286 3560 popu-

237 3561 301 3614 ‚lure
308 3579 369 3636 ergo
376 3566 445 3619 hene
455 3567 541 3643 diligit
547 3572 632 3636 Jnno,
643 3571 734 3623 etvult
771 3570 843 3621 'lum
853 3597 889 3610 ··-
900 3570 964 3620 Late
974 3584 1074 3641 reperit,
1089 3583 1141 3638 pro
1153 3567 1211 3619 late
1226 3585 1288 3639 reg·

239 3641 312 3692 orbis
325 3659 406 3714 regna
422 3651 518 3701 sortiri.
535 3652 600 3718 Quae
616 3667 659 3704 res
671 3651 735 3702 odia
778 3662 913 3702 naturum.

240 3723 297 3789 ejus
309 3723 336 3773 in
348 3725 477 3796 Trojanos
487 3733 614 3802 exagitet,
626 3743 652 3784 et
665 3731 734 3782 bene
814 3745 856 3781 aa.
870 3726 978 3781 Volvern
991 3729 1094 3778 Parcas.
1107 3725 1131 3775 Δ
1143 3725 1192 3777 filo
1205 3730 1290 3778 traxit

239 3803 328 3854 studiis
341 3821 394 3855 non
406 3807 503 3872 studio,
523 3812 584 3880 quia
598 3813 678 3862 tertio
695 3829 736 3862 re·
779 3810 899 3874 volvere,
912 3819 959 3860 aut
969 3826 985 3860 a
996 3808 1066 3859 libro
1076 3827 1084 3868 3
1096 3823 1152 3858 nna
1165 3808 1242 3858 enim
1251 3808 1292 3859 lo-

240 3877 350 3932 bellavit
373 3897 467 3939 conus
488 3889 615 3960 populum
642 3891 736 3942 llomn·
781 3891 887 3960 quitur,
907 3889 991 3940 ultera
1006 3887 1118 3952 scribit,
1138 3889 1223 3939 tortia
1245 3887 1293 3939 fila

241 3964 391 4016 num-Seru.
782 3969 906 4022 deducit:
922 3979 949 4021 et
964 3967 1041 4021 dictor
1056 3979 1119 4020 snut
1136 3965 1207 4020 mal
1228 3967 1296 4022 airri-
