2676 4602
350 295 402 358 nv
426 291 662 358 assinos
686 294 780 358 me.
806 295 868 358 1v.
1068 308 1130 392 247

84 416 169 478 Dido
180 415 272 490 furit,
286 428 322 475 ut
330 414 448 498 Thyes,
460 410 516 474 ubi
526 411 608 474 hanc
619 415 727 474 audito
737 413 850 476 Bacchi
864 420 992 484 nomine
1002 422 1133 482 incitant

82 506 183 586 Orgia
194 507 378 576 Trieterica,
391 507 423 564 in
436 505 598 564 nocturnis
610 506 705 564 sacris
718 503 923 588 Cythaeronis.

125 592 195 668 3ol.
209 595 251 654 Ut
265 596 359 667 irata3
372 592 513 674 namqui
526 594 612 666 irati,
625 591 659 652 hi
674 607 865 676 provocant:
878 601 1045 660 antevertit
1059 621 1133 683 ergo

81 680 170 741 Dido
183 681 352 742 consilium
363 682 481 755 AEneae,
493 682 548 762 qui
561 679 680 741 dixerat
692 703 725 742 se
738 695 914 744 tentaturum
927 683 1041 748 adium:
1056 710 1134 750 com·

80 768 177 850 pellat
195 791 270 832 vero
289 771 395 846 illum,
413 785 450 832 ut
466 791 572 831 reum:
593 769 721 831 sedeur
739 772 870 847 undem,
891 795 990 855 quum
1004 781 1133 860 cognito

81 857 293 939 profectionis
306 871 458 943 apparatu
471 860 578 920 statim
590 857 646 920 illa
657 861 785 921 AEneam
799 859 1052 942 compellaverit?
1064 885 1134 929 vere

82 949 196 1006 statim
206 950 311 1025 irruit3
323 949 376 1010 sed
387 969 491 1030 parvae
501 950 594 1010 etiam
604 951 1134 1018 moravisaesuntamantifoeminae

81 1047 209 1118 tempus
223 1037 454 1120 longissimum.
466 1039 651 1121 Expendent
662 1036 738 1114 hoc,
754 1040 809 1122 qui
821 1053 977 1123 amarunt.

124 1127 195 1189 305.
213 1131 254 1189 Ut
272 1131 435 1212 praesentis
450 1129 605 1190 orationis
623 1139 841 1210 argumentum
855 1127 968 1189 melius
980 1133 1135 1214 complec-

80 1216 176 1290 taris,
189 1218 284 1291 scias,
295 1219 356 1278 tria
368 1217 514 1300 inprimis
527 1215 651 1276 duobus
664 1216 805 1277 versibus
817 1217 895 1277 vitia
907 1215 1006 1297 objici
1016 1222 1136 1298 AEneoe,

80 1302 241 1384 perfidiae,
258 1305 396 1383 sceleris,
413 1305 666 1388 ingratitudinis:
678 1304 836 1389 perfidum
853 1320 959 1390 aperte
972 1312 1134 1372 nominat:

81 1390 267 1453 sceleratum
285 1393 448 1476 intelligit,
470 1415 568 1477 quum
586 1406 677 1456 vocat
696 1394 871 1456 nefarium:
893 1397 1052 1478 ingratum
1073 1398 1136 1461 illis

81 1481 204 1558 verbis,
227 1487 385 1568 tacitusque
401 1505 468 1546 mec
484 1484 615 1546 decedam
632 1497 715 1545 terro.
734 1483 856 1546 Deinde
867 1506 925 1568 per
937 1499 1056 1568 septem
1068 1507 1135 1549 ver·
1233 1549 1237 1556 ,

82 1591 135 1630 sus
155 1585 319 1654 sequentes
337 1574 453 1657 probat
472 1593 536 1635 esse
555 1571 727 1655 perfidum,
747 1573 945 1650 sceleratum,
963 1576 1135 1657 ingratum.
1191 1639 1195 1647 ,

82 1660 162 1720 Haec
179 1663 283 1743 prima
298 1675 343 1724 est
358 1683 431 1746 pars
451 1664 614 1726 orationis.
631 1660 774 1723 Secunda
791 1663 904 1744 incipit
917 1661 957 1721 ab
973 1681 1011 1723 eo
1025 1683 1133 1725 versu:

82 1750 282 1833 Menefirpr's,
295 1767 353 1814 etc.
367 1773 402 1814 ae
413 1773 470 1835 per
481 1773 587 1813 versus
599 1752 747 1834 undecim
760 1749 962 1812 validissimis
974 1773 1136 1834 argumen-

82 1839 124 1896 tis
139 1855 273 1901 conatur
282 1861 462 1925 expugnare
473 1842 576 1904 AEneae
588 1844 740 1903 animum.
753 1842 858 1902 Tertia
871 1861 944 1923 pars
958 1844 1137 1904 continetur

79 1924 208 2008 reliquo
227 1949 372 1990 versuum
391 1943 506 2006 tractu,
524 1929 581 1991 nbi
602 1933 675 1990 miri
696 1930 847 2005 allectus,
868 1943 899 1989 et
917 1932 1028 2012 quovis
1046 1951 1137 2013 argu·

82 2029 194 2075 mento
209 2014 365 2079 fortiores.
378 2021 453 2079 Haec
466 2022 640 2101 generatim
652 2019 716 2080 dici
728 2031 879 2101 possunt,
895 2020 1022 2079 tametsi
1036 2017 1137 2080 multa

82 2101 191 2164 obiter
202 2108 388 2169 inserantur.
407 2110 559 2191 Expende
571 2110 638 2190 jam
652 2108 732 2170 duos
742 2110 864 2191 primos
878 2127 1001 2183 versus,
1017 2108 1051 2167 in
1066 2110 1137 2192 qui-

81 2191 146 2250 bus
157 2193 282 2255 nullum
291 2197 424 2257 verbnm
436 2198 556 2279 absque
565 2196 769 2258 contumelia.
781 2197 835 2255 Est
845 2193 899 2254 hic
909 2193 1137 2270 dissimulatio,

81 2299 157 2360 qnae
172 2301 295 2366 semper
307 2285 442 2346 vitiosa:
458 2298 505 2346 est
519 2285 726 2361 confidentia,
742 2303 813 2367 quoe
827 2283 923 2343 etiam
937 2281 1036 2358 mala,
1051 2285 1084 2342 in
1099 2302 1137 2343 eo

81 2366 184 2429 verbo
196 2375 332 2452 sperasti:
346 2386 394 2433 est
403 2371 537 2434 audacia
547 2376 580 2433 in
590 2371 704 2448 verbo,
712 2391 809 2454 porse:
821 2369 926 2430 noluit
935 2368 1138 2446 sceleratum,

28 2521 30 2536 Ι
82 2457 142 2517 sed
157 2459 329 2538 nefarium,
348 2463 479 2542 qnaesita
496 2465 639 2544 graviore
655 2481 748 2537 voce,
769 2458 823 2522 sed
839 2457 880 2520 ah
895 2473 1021 2520 amante
1036 2474 1069 2520 et
1085 2459 1138 2520 fu-

81 2559 172 2608 rente
183 2548 303 2610 femina
316 2551 402 2633 quod
413 2550 547 2614 verbum
559 2571 738 2612 removeas:
754 2560 845 2610 notat
855 2548 1018 2630 fugacem,
1037 2569 1138 2631 quum

83 2635 146 2710 ait,
167 2630 271 2698 ta'ciee
283 2639 429 2714 decedere,
451 2640 542 2721 quasi
555 2659 591 2698 ea
603 2659 668 2698 non
680 2649 746 2696 tam
760 2635 931 2718 profectio,
952 2639 1052 2716 quam'
1063 2633 1138 2718 luga

84 2723 152 2781 sit:
180 2723 308 2784 demum
329 2746 401 2786 cum
425 2725 567 2809 emphasi
589 2747 654 2785 mea
673 2739 762 2798 nno,
782 2741 852 2804 quae
871 2733 901 2780 te
918 2723 1054 2802 excepit,
1073 2737 1104 2783 et
1120 2743 1139 2782 a

84 2833 149 2892 qua
161 2813 194 2871 in
208 2828 238 2874 te
251 2829 298 2876 tot
309 2813 460 2876 beneficia
469 2816 631 2898 profecta:
645 2827 693 2872 eet
705 2815 801 2872 etiam
811 2824 888 2870 nota
900 2809 1138 2891 imprudentiae3

82 2903 177 2982 quasi
187 2901 286 2963 dicat:
303 2926 367 2964 non
380 2904 476 2980 vides,
486 2925 537 2964 me
548 2901 685 2977 nolente,
695 2921 761 2961 non
771 2917 863 2982 posse
872 2912 903 2959 te
911 2897 1060 2958 decedere
1068 2919 1138 2960 mea

81 2987 293 3071 Carthagine?
301 2993 381 3052 Vide
392 3006 472 3074 quot
480 2993 574 3052 vitia:
588 3011 661 3072 ergo
673 3004 708 3050 tu
719 2985 950 3061 dissimulator,
960 2985 1139 3064 conlidens,

86 3077 205 3154 audax,
220 3080 374 3157 nefarius,
388 3079 498 3162 fugax,
511 3083 668 3162 ingratus,
682 3076 877 3163 imprudens.
888 3077 976 3135 Jacta
985 3087 1058 3134 sunt
1067 3071 1139 3134 fun·

85 3164 234 3228 damenta
245 3168 295 3228 his
306 3173 462 3247 totvitiis3
477 3169 532 3232 sed
542 3173 717 3253 praecipua,
729 3183 766 3230 ut
776 3169 869 3228 initio
882 3165 963 3241 dixi,
979 3165 1040 3224 tria
1051 3178 1139 3241 sunt,
1176 3222 1179 3232 ,

85 3274 158 3335 quae
173 3253 298 3335 objicit,
313 3257 494 3339 perfidiam,
507 3257 621 3334 scelus,
634 3255 904 3338 ingratitudinem.

128 3343 197 3424 307.
212 3343 372 3406 Perfidum
386 3362 564 3422 vocaveram
583 3347 698 3429 probat
710 3365 777 3406 esse
791 3341 964 3430 perfidum,
984 3341 1040 3422 qui
1054 3359 1140 3401 amo·

85 3450 154 3490 rem
175 3447 340 3511 mutuum,
362 3450 392 3496 et
411 3437 516 3498 datam
539 3435 698 3496 dexteram
718 3452 834 3516 parum
855 3440 953 3490 curet.
974 3426 1139 3509 Expende,
1168 3433 1170 3437 ’

85 3523 196 3580 Noster
205 3543 305 3598 amor,·
319 3545 393 3606 ergo
405 3540 549 3602 mutuns3
564 3545 622 3605 ego
637 3545 703 3584 non
717 3523 883 3604 opprimo,
897 3537 962 3578 non
974 3514 1069 3578 debes
1085 3535 1139 3600 op·

85 3610 235 3688 primere.
250 3615 328 3674 Data
340 3613 470 3689 dextero,
485 3615 576 3696 quasi
588 3611 687 3688 dicat,
702 3631 767 3672 non
783 3603 979 3676 solummihi
993 3619 1139 3668 mutuum

88 3696 205 3758 dedisti
218 3721 373 3777 amorem,
387 3702 550 3763 sedetiam
566 3701 724 3762 dexteram
737 3699 841 3759 mutui
857 3697 971 3757 amoris
985 3691 1139 3754 indicem:

90 3799 125 3844 tu
149 3807 223 3868 ergo
244 3789 396 3870 perfidus,
416 3803 446 3850 et
464 3790 601 3850 violator
620 3788 710 3865 fidei,
732 3789 787 3870 qui
808 3785 875 3850 haec
896 3782 1036 3866 negligis.
1060 3783 1142 3843 Nota

33 3933 37 3942 ’
89 3939 201 4003 bratus,
219 3940 291 3996 unde
304 3944 363 4014 ipsa
381 3961 458 3995 sacra
472 3942 595 4016 Nyctelr'a
642 3942 778 3996 Citheron.
798 3941 876 3994 Mons
891 3951 931 3992 est
947 3939 1019 3989 circa
1034 3931 1140 3985 Thebas

90 4020 275 4074 dicebantur:
293 4041 352 4095 quae
368 4023 595 4095 populuslloma·
640 4023 772 4086 Boeotias,
787 4039 819 4074 ex
828 4037 882 4093 quo
892 4012 1087 4096 clamorveluti
1097 4029 1143 4062 nn-
1190 4037 1195 4042 ·

92 4115 144 4152 nus
155 4100 267 4156 exclusit
279 4121 361 4157 causa
370 4103 552 4178 turpitudinis.
561 4133 595 4147 -
640 4103 718 4156 minis
730 4100 847 4156 Bacchus
861 4096 983 4153 vocabat.
996 4094 1065 4147 Sero.
