2646 4606
215 306 280 386 ,04
406 261 409 268 ’
542 295 925 364 continuaturi

219 493 222 500 ,
255 425 322 510 735.
334 419 428 484 Addit
437 417 602 494 Anchises,
612 418 697 480 labes
707 418 1004 479 contractas-animer
1015 418 1050 476 in
1060 419 1126 476 vita
1139 429 1177 478 ex
1188 439 1261 478 cun·

215 517 340 596 tagione
351 510 510 590 corporis,
522 507 585 568 elui
598 508 788 589 purgarique
799 518 869 587 post
881 519 1028 580 mortem;
1041 506 1185 588 perinde
1191 527 1227 566 ac
1237 507 1261 564 si

214 604 349 664 diceret:
371 617 435 658 non
459 597 578 658 idcirco
603 598 716 656 animae
737 617 823 678 purae
842 608 1019 670 remanent,
1042 595 1132 676 quod
1152 617 1261 677 corpus

214 693 370 762 eruerin13
389 701 436 748 est
454 688 539 746 enirn
559 705 679 746 necesse
700 701 736 744 ut
757 683 855 744 multa
876 682 937 743 illis
958 699 1107 746 concreta
1131 684 1260 759 fuerint,

215 794 308 862 atque
324 773 434 836 inolita
450 797 485 834 ex
498 773 648 834 diuturna
661 775 802 856 corporis
814 773 1050 852 conjunctione.

255 869 324 950 739.
339 865 415 928 Inde
430 865 587 946 sequitur,
602 877 637 922 ut
648 879 718 944 post
727 861 916 922 solutionem
927 883 944 920 a
954 882 1090 942 corpore
1103 880 1262 922 exercean-

216 974 268 1022 tur
282 957 446 1038 poenis,.et
457 951 548 1012 luant
563 951 736 1032 supplicia,
754 973 788 1010 ac
801 957 982 1032 purgentur.
999 953 1178 1012 Constituit
1193 969 1262 1010 vero

214 1044 328 1126 triplex
349 1061 446 1122 genus
465 1042 680 1121 purgationiS,
697 1053 808 1116 vento,
827 1059 923 1120 aqua,
944 1041 1028 1120 igni:
1055 1041 1167 1100 innuit
1185 1053 1264 1098 certa

216 1132 360 1216 quaedam
373 1151 486 1211 genera
497 1128 741 1211 suppliciorum,
754 1130 869 1210 quibus
882 1131 995 1188 animae
1006 1143 1060 1190 aut
1070 1127 1266 1211 suspendun-

217 1239 268 1286 tur
276 1221 315 1284 ad
325 1235 444 1293 ventos,
453 1239 533 1300 quos
541 1217 593 1279 hic
602 1222 703 1279 inanes
710 1232 813 1292 vocat3
821 1231 877 1278 aut
885 1221 1121 1299 immerguntur
1128 1221 1162 1277 in
1173 1237 1264 1300 aqua·

190 1313 194 1322 ’
214 1335 285 1376 rum
298 1311 476 1394 gurgitibus
487 1308 755 1390 profundissimis3
768 1323 823 1368 aut
835 1309 901 1388 igni
915 1323 1100 1368 exuruntur.

255 1401 324 1483 743.
337 1401 402 1472 Ait,
415 1417 521 1456 omnes
536 1417 625 1456 suam
639 1415 795 1476 quemque
807 1416 933 1477 poenam
945 1396 1068 1470 subire,
1082 1409 1120 1454 ut
1134 1397 1179 1454 ita
1194 1413 1265 1475 pnr-

215 1491 279 1570 gati
294 1485 334 1547 ad
350 1484 492 1565 Elysium
509 1486 694 1543 mittantur:
715 1481 771 1543 sed
790 1481 891 1558 addit,
909 1502 1026 1564 paucos
1046 1482 1213 1563 pervenire
1221 1478 1267 1538 'ad

212 1576 288 1640 laeta
303 1595 391 1648 arva,
407 1575 481 1654 quia
494 1571 641 1632 videlicet
655 1593 720 1634 uon
738 1573 926 1654 pervenient
935 1566 976 1630 ad
992 1591 1068 1631 arva
1086 1569 1178 1645 hacc,
1193 1571 1266 1645 nisi,

212 1667 305 1748 ¹prius
318 1676 427 1723 exacto
444 1660 530 1720 mille
544 1682 701 1720 annorum
713 1661 891 1734 curriculo,
910 1673 1056 1740 exempta
1070 1657 1171 1718 fuerit
1183 1656 1266 1716 labes

216 1766 375 1824 concreta,
391 1749 497 1824 idest,
512 1771 607 1830 quam
620 1751 726 1810 anima
741 1751 896 1812 contraxit
910 1768 947 1808 ex
958 1747 1192 1808 cousuetudine
1204 1767 1267 1808 cor·

215 1843 311 1924 poris.
328 1837 425 1911 lllud,
443 1860 605 1920 parumque
622 1838 740 1922 reliquit
756 1837 920 1900 AEtlrcrt'um
935 1859 1069 1912 sermm,
1085 1852 1175 1920 atque
1186 1839 1266 1898 anmi

216 1926 355 2010 simplicis
365 1929 476 2006 iqnem,
489 1941 537 1986 est
547 1949 554 1984 ε
565 1929 638 1988 Dies
649 1927 744 2008 longa
755 1929 941 2009 emaculavit
950 1927 1268 2010 purificavitqueani·

217 2037 318 2091 nram,
337 2035 406 2096 quae
425 2029 491 2074 tota
507 2030 680 2078 constater
692 2017 808 2078 eaelesti
822 2021 907 2098 igue,
925 2029 957 2077 et
973 2015 1139 2099 particulis
1155 2013 1268 2097 simpli·

213 2105 351 2174 cissimis
364 2104 452 2164 aeris.
465 2105 524 2164 Per
537 2103 654 2188 lonqam
668 2106 744 2167 diem
758 2107 908 2188 intelligit
921 2127 1022 2166 annos
1037 2105 1137 2166 mille.

258 2192 327 2278 748.
340 2193 497 2253 Sententia
509 2207 564 2254 est.
577 2195 751 2256 Mercurius
764 2193 819 2256 has
831 2198 951 2256 animas
963 2196 1003 2256 ad
1014 2195 1137 2258 Lethen
1148 2215 1268 2254 amnem

214 2298 328 2346 evocat
338 2303 453 2363 magno
467 2285 607 2364 agmine,
623 2283 678 2344 ubi
691 2298 793 2346 rotam
804 2284 930 2345 volvere
941 2305 998 2366 per
1012 2283 1101 2344 mille
1110 2303 1228 2359 annos,
1239 2282 1268 2342 id

215 2387 281 2449 est,
302 2372 357 2432 uhi
379 2373 518 2453 spatium
537 2372 831 2456 volubilitatemque
847 2372 935 2434 mille
954 2395 1115 2434 annorum
1133 2371 1269 2456 expleve-

218 2473 310 2520 runt:
329 2472 376 2519 est
389 2457 466 2533 hoc,
484 2461 569 2541 quod
584 2460 720 2538 dixerat,
733 2463 857 2546 perfeeto
871 2463 1008 2542 temporis
1020 2459 1097 2520 orbe.
1112 2462 1269 2542 Sequitur,

219 2545 339 2610 Scilicet
356 2549 549 2624 immemores,
576 2563 634 2610 etc.
656 2549 707 2612 hic
723 2551 791 2632 jam
812 2549 963 2611 ‘Anchises
982 2552 1087 2610 AEneae
1109 2550 1269 2624 satisfacit,

220 2657 315 2720 quem
328 2636 424 2716 longa
438 2641 618 2700 narratione
631 2639 775 2700 detinuit.
788 2643 961 2721 Rogaverat
976 2638 1078 2715 filius,
1091 2661 1151 2700 cur
1163 2641 1269 2698 animae

216 2725 261 2796 ad
280 2723 440 2786 Lethaeum
458 2745 583 2789 amnem
599 2728 784 2789 accederent
798 2748 954 2789 concursu
971 2749 1109 2810 magno:
1126 2741 1222 2810 pater
1234 2725 1269 2786 ab

221 2815 314 2874 initio
328 2833 469 2889 exo-rsus,
482 2817 515 2873 in·
527 2837 564 2876 eo
579 2816 707 2878 tandem
719 2819 811 2893 sistit,
826 2819 861 2876 iu
873 2837 936 2898 quo
949 2837 1035 2877 nunc
1047 2830 1102 2876 est.
1116 2819 1160 2876 Ut
1172 2831 1269 2876 autem

222 2902 432 2964 adolescentes
452 2908 640 2966 sententiam
658 2922 759 2991 poetae
777 2905 890 2968 melius
906 2908 1102 2989 percipiant,
1120 2903 1270 2988 placitum

222 3081 296 3116 coeco.
312 3063 487 3118 Definitioues
504 3083 566 3119 sunt
583 3073 724 3140 corporis:
769 3071 897 3143 gehennae
910 3079 913 3084 '
927 3070 1085 3141 Auticipat,
1119 3071 1269 3139 patiturque

223 3142 318 3197 alludit
339 3144 432 3196 forsan
452 3145 487 3197 acl
505 3145 574 3197 illud
593 3148 725 3216 Platonis,
771 3151 1148 3202 suosmenscousciamanes.
1161 3171 1173 3194 a
1190 3145 1269 3201 Cerdu-

223 3225 293 3288 adpre
302 3222 355 3288 tati
367 3225 441 3289 οἶμα.
456 3227 542 3278 Germ.
770 3228 880 3280 -Vide
897 3241 976 3280 notas
993 3229 1105 3299 Heynii,
1122 3245 1209 3298 supra
1224 3223 1270 3275 vol·

169 3337 171 3345 .
257 3301 320 3372 743.
339 3303 451 3375 Quisque
463 3321 522 3356 suos
533 3305 651 3375 patimur
663 3309 726 3358 Ma·
770 3308 820 3372 111,
832 3327 894 3379 pag.
912 3307 1016 3372 185,·et
1028 3305 1088 3378 sqq.
1097 3306 1270 3378 -Amplum

199 3413 201 3418 ,
213 3398 274 3432 mes.
284 3379 436 3451 Supplicia,
448 3400 506 3452 que
516 3395 578 3436 suut
588 3383 661 3454 apud
669 3385 727 3437 Ma·
744 3405 745 3412 ¹
770 3388 807 3437 Ut
817 3386 940 3438 ostendat
952 3405 1008 3438 non
1021 3386 1075 3438 illis
1089 3389 1188 3457 paucis
1199 3403 1272 3457 para·

207 3460 327 3510 'nes:ut
339 3462 433 3531 siquis
444 3461 669 3532 dicat,judicium
680 3475 727 3535 pa·
772 3475 826 3516 tam
846 3480 903 3517 esse
926 3465 1099 3516 latitudinem
1121 3465 1210 3530 hanc,
1233 3460 1273 3514 sed

224 3537 318 3600 timur,
334 3551 360 3587 et
372 3537 503 3610 significet
515 3561 561 3607 ea,
578 3559 636 3611 quae
648 3545 676 3594 iu
683 3546 727 3612 ju·
770 3543 907 3620 pluribus,
920 3543 1003 3595 modo
1014 3546 1169 3610 itavivant,
1181 3543 1272 3595 utilluc

224 3613 296 3693 dicio
318 3621 497 3672 continentur.
519 3623 725 3674 Seru-Porro
770 3626 861 3677 venire
875 3635 1045 3676 mereantur:
1059 3624 1109 3676 sed
1123 3623 1273 3695 quiapauei

223 3704 309 3762 poetae
321 3695 404 3747 verba
415 3717 466 3768 pro
481 3701 579 3772 adagio
590 3717 648 3753 esse
658 3721 724 3774 pot·
770 3705 938 3768 mereantur,
948 3705 1031 3774 pauci
1042 3702 1177 3756 diffusam
1190 3705 1273 3755 latita·

219 3773 290 3832 aiut,
302 3770 336 3820 ad
344 3775 547 3844 explicandum,
555 3797 648 3832 omnes
656 3801 725 3834 mor·
769 3782 858 3836 dinem
869 3795 1017 3836 merentur.
1027 3815 1063 3824 —
1071 3786 1159 3836 Pauci
1170 3785 1230 3838 toeta
1240 3800 1274 3834 ar·

216 3847 305 3912 dalet,
325 3867 373 3899 ³¹¹0
388 3871 520 3926 quemque
537 3861 723 3930 incommodo,
769 3881 801 3920 aa
812 3873 935 3916 memus.
949 3865 1012 3916 Non
1026 3883 1138 3917 omnes:
1151 3868 1201 3936 qui
1211 3865 1274 3916 euin

224 3944 281 3978 0⁸³⁶
301 3925 438 3981 ⁰b¹10¹iot.
458 3935 579 3988 Observa
598 3940 725 3993 imitatio·
768 3945 857 3995 minus
873 3947 1039 4016 purgantur,
1057 3945 1151 3996 statim
1169 3943 1275 3997 redeunt

222 4023 285 4057 nem
296 4004 423 4058 Ausonii:
437 4025 645 4086 «tormentaque
655 4038 724 4074 seva
770 4021 806 4074 ad
820 4041 946 4096 corpora.
959 4023 1031 4076 Sera.
