2676 4602
243 304 308 385 ³46
573 295 956 362 connaturalem

218 431 220 444 '
283 447 311 486 2.
329 425 412 506 Ergo
428 422 516 482 navis
531 418 701 500 tranquille
718 417 906 492 admodum,
925 416 1078 480 namhoc
1095 432 1161 497 est,
1181 423 1279 500 elicii,

243 511 372 596 appellit
390 511 429 571 ad
446 523 573 593 portum
592 507 781 568 Cumarum:
804 507 860 568 bas
879 510 1025 568 nominat
1041 531 1109 570 oras
1124 512 1277 575 Euboicas:

242 604 374 662 namuh
393 599 540 662 Chalcide
558 599 685 670 civitate
703 595 814 658 insulae
830 595 958 658 Euboeae
973 597 1108 680 profecti
1126 615 1216 676 sunt,
1236 605 1277 684 qui

241 693 355 752 Cumas
372 689 589 751 condiderunt.
610 686 701 748 Refer
716 685 905 768 particulam
918 685 1035 746 tandem
1050 687 1091 746 ad
1106 689 1278 752 incredibile

241 781 343 842 AEneae
358 779 558 840 desiderium.

281 870 308 928 3.
324 871 438 944 prora,
459 879 551 928 eunte
568 885 647 926 nave
661 865 700 924 ad
720 875 867 946 portum,
888 873 1005 944 spectat
1020 876 1153 944 portum
1170 867 1277 946 ipsum:
1320 873 1321 884 ¹

239 977 360 1038 puppes
368 978 441 1018 vero
448 1000 458 1030 ,
466 975 567 1030 mare,
578 953 663 1034 quod
672 975 690 1012 a
697 966 785 1032 tergo
796 949 1000 1032 relinquitum
1010 964 1183 1034 postquam
1190 969 1279 1016 autem

237 1041 304 1124 jam
315 1048 403 1108 navis
411 1060 543 1128 portum
557 1044 677 1125 attigit,
690 1063 785 1124 prora
796 1041 1041 1102 convertiturad
1051 1043 1201 1126 pelagus,
1213 1070 1281 1128 pap

240 1135 291 1216 pis
304 1135 345 1194 ad
358 1135 450 1196 litus:
470 1134 544 1195 inde
558 1131 622 1208 hic,
644 1131 802 1193 Obvertunt
814 1129 920 1214 peleqo
935 1145 1057 1213 ploras.-
1076 1135 1154 1194 inde
1166 1151 1281 1217 postea,

242 1219 329 1284 litora
339 1243 434 1286 curve
443 1236 605 1306 prutexunt
613 1241 721 1304 puppes
731 1243 740 1280 .·
754 1219 848 1282 flebat
859 1219 935 1296 boc,
944 1235 985 1280 ut
995 1224 1139 1302 paratior
1151 1238 1282 1286 essetne·

240 1312 287 1371 vis
298 1311 337 1372 ad
347 1326 525 1394 sequentem
535 1311 782 1392 ‘navigationem
796 1309 881 1390 Ergo
892 1309 1057 1390 aitpoeta:
1068 1327 1173 1392 prorm
1186 1313 1282 1372 obver-

239 1408 353 1459 tuntur
373 1399 413 1458 ad
436 1399 587 1482 pelagus:
617 1409 694 1458 nota
712 1395 863 1471 verbum,
891 1397 926 1456 'm
949 1411 1015 1478 quo
1038 1399 1120 1459 inest
1142 1399 1281 1474 directio,

240 1485 408 1550 difficultas
421 1503 452 1550 et
466 1489 634 1570 molimen:
650 1484 861 1548 diceret'male
873 1479 1048 1568 quispiam3
1064 1499 1206 1564 'vertunt3
1220 1511 1282 1549 con·

239 1591 381 1652 vertunt3
398 1591 603 1638 commutant.
624 1574 759 1650 Deinde,
775 1571 918 1635 Ancbora
933 1575 1158 1658 necessumst,
1180 1578 1213 1637 id
1228 1591 1281 1650 est,

240 1665 359 1726 stabilit
371 1667 510 1746 sistitque
523 1685 618 1724 naves
628 1699 637 1740 ,
649 1678 754 1746 estque
765 1661 828 1722 illis
837 1661 935 1744 veluti
946 1683 1005 1744 pro
1019 1661 1228 1726 fundamento
1240 1689 1246 1723 :
1258 1676 1283 1724 et

239 1751 301 1819 hoc
310 1755 393 1816 dente
403 1758 513 1830 tenaci,
528 1754 636 1829 idest,
649 1752 800 1829 haerente,
815 1751 973 1835 affricoque
983 1751 1131 1830 firmiter,
1146 1775 1187 1814 ne
1198 1776 1283 1815 naves

241 1843 442 1924 abripiuntur
456 1857 561 1905 vento.
580 1843 697 1924 Puppes
711 1855 875 1924 ptulerunt
886 1839 988 1915 litora,
1007 1841 1041 1902 id
1055 1855 1102 1904 est
1118 1857 1245 1924 tegunt,
1258 1857 1283 1902 et

241 1926 304 1988 boc
317 1950 371 1990 tue
386 1932 548 1990 curvitate.
651 1945 654 1948 “

281 2017 309 2078 5.
325 2017 403 2079 Vide
418 2037 594 2079 sermonem
609 2017 770 2076 vividum:
792 2039 903 2078 manus
918 2015 1090 2098 juvenum,
1110 2035 1143 2080 et
1158 2019 1227 2081 lraec
1244 2043 1282 2080 ar·

240 2102 332 2179 dens,
350 2107 464 2166 emicat
480 2104 520 2164 ad
536 2103 610 2164 litus
622 2105 826 2186 Hesperium:
846 2103 919 2164 ideo
937 2107 1059 2180 emicat,
1079 2109 1157 2188 quia
1168 2107 1282 2168 aedem:

238 2195 312 2255 ideo
324 2195 443 2270 mats,
459 2196 533 2277 quia
543 2192 688 2276 juvenes,
702 2212 837 2274 quorum
847 2196 994 2276 proprius
1006 2195 1116 2272 ardor,
1129 2210 1161 2262 et
1171 2196 1281 2258 fervor:

237 2297 331 2364 poete
344 2282 468 2364 evulgo
481 2283 609 2356 diceret,
624 2279 792 2363 prosiliunt
801 2296 924 2342 nautae:
940 2282 1011 2344 ideo
1026 2287 1152 2362 omnia,
1168 2288 1242 2368 quia
1252 2284 1285 2345 ad

240 2371 510 2455 litusHespert'um,
531 2373 617 2458 quod
634 2387 796 2456 tantopere
814 2374 987 2456 optabant,
1011 2375 1099 2456 quod
1118 2399 1177 2460 per
1193 2399 1284 2437 annos

239 2475 356 2542 septem
374 2463 575 2543 quesierant,
597 2455 683 2542 cujus
700 2483 753 2544 spe
769 2464 881 2544 egressi
898 2461 1007 2546 Troja,
1028 2465 1119 2544 cujus
1137 2465 1285 2526 desiderio

238 2564 417 2632 contempta
434 2549 607 2634 Carthago,
626 2549 717 2632 cujus
733 2573 843 2612 amore
857 2550 964 2612 multae
981 2565 1012 2612 et
1027 2553 1135 2615 arduae
1150 2555 1283 2616 tolerate

238 2637 392 2720 procellae.
407 2640 489 2702 Illud
496 2637 633 2724 juvenes,
653 2641 767 2724 pendet
778 2639 976 2724 exyhistorim
990 2641 1072 2724 ⁴quia
1086 2643 1193 2706 relicti
1207 2664 1285 2706 senes

237 2728 272 2788 in
282 2728 401 2804 Sicilie,
416 2742 451 2790 ut
464 2727 596 2790 habetur
606 2729 689 2790 libro
699 2731 868 2811 superiore.
876 2732 1069 2812 Hesperiam
1079 2731 1142 2792 dici
1152 2733 1285 2807 ltaliam,

238 2829 270 2876 et
284 2839 405 2881 manum
418 2839 476 2901 pro
489 2817 694 2880 multitudine
706 2817 851 2894 militari,
862 2821 938 2901 'quis
951 2818 1070 2880 nescit?

277 2908 307 2966 6.
319 2907 568 2992 Reproesentatus
581 2908 781 2992 supraerdor
791 2907 960 2990 juvenum3
972 2907 1038 2990 jam
1051 2907 1106 2970 bic
1119 2910 1283 2972 sedulitas:

238 3014 311 3074 pars
322 2994 474 3076 juvenum
487 2999 720 3079 queritsemina
728 3044 737 3073 ,
752 2995 785 3056 id
798 3010 857 3072 est,
872 2997 1024 3058 scintillas
1034 2998 1119 3077 ignis
1130 2998 1284 3070 obstrusus,

238 3081 272 3142 id
288 3097 350 3160 est,
370 3099 546 3155 contrusae,
566 3085 713 3161 latentes,
730 3085 971 3166 reconditasque
989 3106 1006 3144 a
1024 3097 1142 3144 natura
1156 3088 1193 3146 in
1207 3087 1285 3146 venis

239 3171 379 3234 silicum:
394 3195 468 3254 pars
477 3169 543 3232 'alia
552 3175 634 3253 rapit
647 3175 766 3255 sylvas,
781 3197 851 3258 quse
863 3174 1075 3235 sint-ferarum
1086 3189 1191 3252 tecta,
1205 3191 1237 3236 et
1246 3196 1285 3235 re·

239 3263 415 3344 captacula3
428 3274 643 3342 monstratque
654 3263 732 3324 alter
741 3265 847 3339 alteri,
859 3285 975 3346 magno
986 3262 1104 3323 laetitiae
1115 3267 1228 3348 signo,
1239 3265 1286 3324 llu-

238 3351 340 3424 mina,
357 3369 427 3430 quae
439 3349 606 3428 quaerendo
622 3351 760 3427 invenit3
771 3346 895 3426 fontes,
911 3366 942 3412 et
958 3373 1114 3434 equarum
1127 3356 1287 3434 scaturigi-

239 3458 304 3498 nes.
316 3439 353 3512 ln
362 3437 458 3498 verbo
469 3440 559 3518 rapit,
568 3441 694 3502 attende
703 3443 844 3503 studium
850 3441 1004 3524 juvenum
1010 3441 1189 3504 ferentium
1198 3443 1287 3526 ligna.

275 3545 304 3601 9.
314 3526 366 3582 -Ex
381 3533 503 3603 magno
514 3524 630 3587 decoro
644 3527 730 3589 ducis
744 3532 860 3604 AEneoe3
882 3550 957 3590 nam
969 3546 1072 3609 quarm
1085 3528 1143 3589 alii
1156 3553 1213 3592 res
1228 3552 1286 3592 cor-

236 3612 324 3691 poris
334 3609 490 3688 curarent,
501 3613 555 3674 ille
566 3635 637 3676 vere
649 3615 721 3698 pius'
735 3620 880 3680 animum·
887 3617 926 3677 ed
937 3615 1126 3706 religionem
1137 3620 1288 3692 intendit,

237 3699 461 3784 contenditque
475 3705 515 3764 ad
529 3705 723 3790 Apollinem,
737 3709 826 3790 cujus
838 3707 992 3791 templum
1002 3709 1099 3766 situm
1111 3710 1146 3767 in
1160 3709 1287 3770 sublimi

236 3803 326 3872 parte
340 3791 523 3872 Cumarum3
541 3797 611 3857 ideo
626 3799 693 3880 ipse
708 3797 822 3882 Apollo
836 3797 929 3874 altum
942 3797 1019 3858 i'deo
1027 3796 1190 3880 templum
1206 3819 1287 3860 areo.

240 3959 319 4016 supra
337 3945 390 4010 ait,
405 3946 554 4002 «adhunc
571 3951 616 4004 alii
633 3969 740 4006 cursum
820 3971 845 4023 9.
869 3950 954 4017 Aroes,
974 3952 1065 4024 quibus
1088 3951 1160 4005 altus
1185 3950 1287 4026 Apollo

241 4023 569 4096 contenderejussi.·8erv.
785 4033 874 4101 Quum
882 4031 983 4105 ubique
991 4033 1106 4086 cntovi
1116 4032 1212 4100 detur,
1223 4027 1288 4104 apud
