2670 4596
128 587 247 709 DE
292 588 722 722 CARMINE
766 592 1060 717 EPICO.

507 963 676 984 *ιι

84 1189 132 1288 lo
144 1215 256 1313 Epico
270 1221 468 1314 praesertim
483 1219 672 1308 Carmine,
691 1217 845 1291 humani
862 1223 997 1318 ingenii
1012 1225 1064 1292 vis
1083 1240 1117 1292 et

80 1328 220 1404 felicitas
231 1333 430 1424 exsultant,
445 1360 488 1405 eo
503 1351 582 1406 tum
594 1340 746 1433 propius
757 1336 802 1407 ad
815 1337 1047 1408 Divinitatem
1058 1365 1118 1409 ac-

81 1446 251 1536 cedentis,
273 1449 375 1546 quod
394 1454 553 1546 supremi
572 1452 743 1520 Numinis
764 1450 991 1548 aliquatenus
1012 1455 1118 1549 parti·

80 1586 173 1660 ceps,
189 1587 293 1660 paene
307 1567 422 1660 ipsam
437 1564 583 1636 creandi
598 1563 806 1636 facultatem
821 1583 983 1664 usurpat.

243 1763 473 1862 Comparatur
486 1767 521 1836 E
518 1791 644 1864 popoea
657 1789 737 1835 cum
754 1766 946 1864 Tragoedia.

120 1964 173 2034 Ne
197 1965 428 2063 Tragoediam
454 1967 628 2064 quidem,
662 1969 997 2064 praestantissimum
1022 1963 1117 2036 illud

76 2081 154 2149 artis
165 2102 278 2175 opus,
294 2084 371 2176 pari
382 2079 465 2151 loco
477 2080 685 2178 ponendam
697 2081 870 2168 arbitron
886 2079 1019 2150 scilicet
1029 2078 1117 2150 huic

11 2193 12 2198 ’
76 2208 156 2262 sunt
171 2197 306 2264 arctius
320 2197 585 2291 circumscripti
601 2195 749 2284 limites3
766 2199 865 2293 epica
880 2197 995 2292 poesis
1008 2192 1118 2264 libere

77 2323 197 2402 aperto
212 2310 251 2377 in
271 2333 401 2406 campo
418 2312 610 2406 spatiatum
631 2307 976 2408 quumqueduplex
994 2315 1119 2378 rerum

76 2437 205 2492 natura
219 2419 310 2494 duas
323 2439 438 2520 partes
453 2423 729 2513 diversissimas,
744 2428 955 2496 animorum
968 2420 1118 2494 affectus

76 2552 107 2606 et
117 2562 319 2634 corporum
328 2534 464 2610 formas
475 2537 756 2638 complectatur,
771 2536 834 2610 illa
843 2538 993 2636 quidem
1003 2540 1117 2634 priori

77 2675 197 2722 rerum
218 2669 319 2749 parte
341 2653 516 2751 tragoedia
537 2670 707 2726 contenta
726 2669 795 2740 est;
817 2669 1010 2750 utramque
1031 2675 1117 2720 vero

77 2763 138 2837 sibi
159 2791 250 2863 epos
271 2767 432 2866 adrogat.
454 2765 574 2853 Adde,
596 2766 698 2866 quod
713 2765 788 2836 illic
807 2765 969 2837 tabulam
984 2790 1117 2852 unam,

77 2875 131 2950 hic
146 2885 355 2978 omnigenae
369 2886 520 2980 picturae
538 2879 733 2968 miracula,
752 2895 927 2977 tanquam
942 2883 980 2950 in
995 2878 1117 2976 aliqua

76 2996 181 3094 regali
200 2999 346 3092 porticu
361 3020 533 3093 suspensa
550 3012 585 3066 et
603 2998 762 3095 exposita
783 2997 976 3066 contueris.
997 2995 1115 3064 Etiam

13 3151 16 3168 ·
78 3127 107 3180 et
119 3110 314 3208 tragoedia,
334 3127 376 3182 ut
394 3114 433 3181 in
452 3110 574 3182 lucem
592 3113 729 3198 veniat,
752 3125 962 3180 caeterarum
982 3113 1116 3180 artium

78 3243 150 3324 eget
163 3223 411 3298 adminiculo:
432 3250 592 3323 namque
604 3229 706 3322 prius
720 3240 807 3296 sunt
820 3221 1026 3320 expoliendi
1040 3245 1116 3290 mo-

79 3367 144 3430 res,
157 3339 299 3412 theatra
311 3338 544 3428 aedificanda,
557 3339 710 3438 cogendi
723 3354 953 3436 spectatores3
969 3352 1005 3408 at
1014 3340 1116 3434 epico

75 3459 224 3526 carmini
238 3453 375 3525 sufficit
388 3469 666 3552 argumentum,
682 3470 797 3541 vates,
817 3451 930 3524 lector
944 3478 1052 3524 unus.

394 3657 498 3754 Epict'
514 3657 676 3728 carminis
690 3661 798 3754 origo.
884 3675 888 3688 ‘

14 3867 15 3876 ’
122 3856 215 3925 Tam
233 3855 414 3952 praeclari,
430 3875 579 3956 tamque
595 3857 798 3928 excellentis
814 3856 1002 3927 literarum
1018 3877 1118 3950 geno

79 3971 122 4038 ris
135 3973 322 4065 optimum
336 3972 518 4070 exemplar
532 3999 650 4070 quum
663 3972 822 4060 ederem,
842 3983 1010 4041 naturam
1024 3983 1058 4037 et
1072 3966 1117 4038 le·
