2676 4602
218 245 285 326 324
546 226 926 297 consenescere

218 387 288 452 qens
300 361 416 449 infelix,
430 359 478 420 eei
488 369 514 418 te
525 353 740 437 ennofhrttme
756 350 895 410 reseruati
906 343 1056 429 Expende
1068 355 1174 428 poene
1184 347 1270 428 inge·

220 461 329 524 nium:
351 448 418 510 vult
431 462 608 528 proponere
626 440 684 500 lris
706 436 863 498 infelicem
880 445 1064 519 praesentem
1082 445 1218 508 statum,
1236 437 1269 492 ie

221 568 284 632 quo
297 553 369 604 sunt
382 535 538 598 foeminae:
553 530 698 614 inprimis
717 527 756 588 ab
775 527 912 608 egregia,
928 523 980 584 sed
998 526 1161 606 praeterita
1184 544 1268 584 ocea-

221 641 308 702 sione
317 623 488 701 moriendi,
497 625 621 684 miseras
631 639 696 680 esse
705 617 857 699 judicarit
867 639 874 675 :
884 613 949 696 jam
961 634 1027 674 rem
1039 617 1106 694 agit
1118 635 1138 674 a
1147 614 1267 687 future;

222 742 323 805 neque
336 719 478 778 nominat
490 729 586 792 genus
596 707 723 779 mortis,
738 703 822 786 quod
832 701 997 778 habiturn,
1012 699 1067 761 sed
1081 701 1228 784 loquitur
1237 703 1268 758 in

221 819 389 880 incertum,
403 815 438 864 ut
448 812 560 884 putent
572 798 633 859 illae
647 796 878 856 acerbissimum
891 791 976 852 fore:
993 811 1086 867 nam,
1101 811 1173 872 quae
1189 789 1268 850 bella

221 898 358 982 Trojano
371 891 470 976 perire
482 908 549 950 non
560 899 703 968 potuere,
717 902 780 964 quo
792 879 915 942 nullum
928 875 1044 958 majus:
1057 898 1130 959 quae
1141 899 1209 940 non
1221 898 1270 959 pe

222 999 351 1054 ruerunt
369 980 468 1060 mergi
488 991 536 1038 tot
553 974 802 1058 tempestatibus,
815 991 890 1052 quas
908 989 996 1050 passa
1012 980 1058 1028 cst
1075 967 1181 1028 classis
1199 971 1271 1028 'l'ro-

221 1078 310 1162 jana,
322 1071 434 1154 quibus
444 1065 539 1126 nullae
551 1077 605 1124 aut
614 1059 776 1135 foediores,
790 1073 843 1119 aut
853 1058 1037 1117 atrociores:
1053 1055 1134 1136 quid
1147 1055 1271 1116 taudem

224 1159 430 1232 credendum,
449 1154 509 1214 nisi
524 1164 558 1210 ut
570 1149 698 1210 insolito
713 1147 820 1229 aliquo
837 1146 929 1205 exitio
942 1142 1161 1225 abripiuntur?
1175 1145 1271 1226 Ergo,

226 1254 364 1318 infelices
374 1247 458 1320 estis,
469 1263 533 1302 non
547 1241 621 1320 quia
631 1251 761 1296 mortuoe
773 1259 780 1296 :
793 1235 852 1296 hoc
861 1236 945 1294 enim
954 1235 986 1294 in
1000 1254 1117 1314 magna
1129 1231 1272 1296 felicitate

224 1339 408 1430 ponendum
423 1333 543 1405 fuisset;
557 1327 609 1390 sed
628 1327 780 1402 infelices,
794 1327 868 1406 quia
879 1327 972 1395 rivae,
988 1343 1043 1384 ros
1058 1323 1206 1384 videlicet
1217 1345 1273 1384 ser·

226 1443 320 1496 vante
329 1427 456 1488 fortuna
465 1417 505 1480 ad
515 1416 634 1478 cladem
644 1412 782 1496 aliquam
794 1407 1052 1482 abominandam,
1061 1423 1093 1468 et
1103 1409 1271 1470 insolitam.

268 1517 336 1580 626.
356 1507 437 1588 Quid
454 1506 545 1588 plura
568 1502 671 1584 potuit
691 1499 730 1560 ad
750 1497 994 1580 persuasionem,
1014 1494 1274 1578 afferendumque

227 1608 371 1678 tedium,
390 1617 456 1658 non
471 1593 537 1674 jam
555 1591 693 1654 foeminis
713 1601 826 1648 natura
839 1585 1002 1660 mollibus,
1021 1584 1076 1644 sed
1094 1589 1190 1646 etiam
1204 1589 1273 1647 viris

227 1682 482 1782 promptissimis?
494 1683 571 1744 Sunt
581 1683 665 1740 euim
674 1677 768 1737 verba
781 1676 887 1736 omnia
901 1672 1136 1749 efficacissima,
1150 1687 1182 1734 et
1190 1696 1275 1756 argu·
1316 1747 1317 1754 ἵ

229 1795 370 1846 mentum
384 1797 402 1835 a
416 1769 652 1834 circumstantiis
669 1780 846 1848 sumptum:
863 1785 881 1824 a
900 1777 1054 1844 tempore3
1071 1783 1150 1822 nam
1163 1767 1276 1824 uertitur

224 1871 293 1958 jam
304 1863 533 1944 oestesseptima5
549 1859 651 1938 signat
667 1875 766 1942 anuos
780 1866 914 1936 septem:
930 1852 1054 1926 amari,
1072 1850 1162 1931 quod
1177 1873 1276 1912 emen·

232 1980 285 2034 sae,
301 1963 330 2016 et
336 1954 418 2038 freta
429 1948 467 2008 ad
478 1947 600 2022 αὔξησιν,
612 1965 686 2004 uam
696 1942 746 2002 hic
757 1943 844 2004 locus
854 1939 1072 2024 periculosior3
1084 1959 1103 1997 a
1114 1941 1205 2000 terris
1215 1962 1275 2000 nou

231 2046 314 2120 unis,
324 2039 375 2102 sed
386 2035 551 2098 omuibus:
567 2054 586 2092 a
599 2033 688 2106 saxis,
701 2050 771 2112 quae
783 2040 998 2112 praetervectae,
1011 2039 1042 2086 et
1055 2023 1124 2086 baec
1137 2040 1228 2086 vocat
1239 2030 1276 2086 in·

233 2132 362 2214 hospita,
376 2125 417 2186 ad·
430 2119 686 2204 exaggerandum.
697 2117 781 2194 Quin
793 2119 849 2177 ait:
863 2137 883 2176 o
894 2115 1049 2188 foeminae,
1063 2133 1134 2174 uon
1147 2128 1211 2174 tam
1226 2136 1276 2174 na·

139 2249 145 2266 ·
232 2223 393 2302 rigamus,
413 2231 506 2294 quam
519 2209 661 2292 finietur,
676 2225 770 2288 quam
791 2201 954 2274 oolvimur;
971 2201 1059 2282 quasi
1079 2198 1164 2259 dicat
1178 2224 1185 2260 :
1200 2201 1276 2282 rapi-

234 2328 316 2378 mur,
325 2301 489 2384 jactamur,
503 2311 532 2356 et
543 2317 611 2356 vere
620 2293 825 2366 fluctuamus,
839 2289 931 2350 undis
942 2308 998 2348 nos
1010 2307 1069 2370 pro
1082 2285 1215 2348 arbitrio
1227 2309 1276 2348 suo

235 2390 431 2456 ducentibus.
449 2383 535 2468 Quid
548 2405 621 2444 vero
636 2383 803 2465 quaerimus
818 2401 873 2464 per
886 2393 932 2438 tot
946 2376 1086 2438 labores?
1099 2376 1236 2452 ltaliam,
1250 2391 1278 2436 ct

235 2477 508 2561 hanesrrqientem:
523 2491 591 2552 quse
604 2491 678 2552 ergo
693 2489 760 2550 spes
775 2465 957 2530 obtinendi?

276 2569 346 2630 630.
359 2561 584 2644 Argumentum
595 2572 638 2618 cst
648 2579 666 2618 a
675 2557 769 2632 facili,
781 2569 853 2638 post
865 2553 1073 2635 magnesiam
1083 2566 1217 2614 terrores
1230 2557 1273 2613 in·

234 2660 329 2744 jectos
342 2653 420 2736 zjam
431 2649 480 2710 hic
490 2669 612 2731 sumus,
623 2645 699 2728 quid
709 2645 790 2706 ultra
800 2642 982 2726 quaerimus?
991 2642 1121 2702 fuerunt
1130 2643 1209 2702 olim
1218 2641 1275 2703 hec

237 2749 331 2809 litora
343 2741 449 2824 Erycis
460 2737 562 2798 fratris
574 2735 675 2796 AEneae
687 2756 694 2792 ι
708 2751 792 2792 nunc
809 2743 882 2790 sunt
898 2734 1009 2792 Acestae
1028 2726 1164 2810 hospitis
1180 2727 1277 2810 Troja-

239 2855 371 2898 norum:
388 2852 442 2894 cur
455 2841 606 2910 negentur
624 2817 804 2884 domicilia?
821 2821 883 2880 Nos
902 2839 1067 2902 possumus
1082 2803 1203 2879 urbem¹
1214 2839 1278 2880 con·

239 2927 327 3002 dere,
338 2919 430 2985 Siculi
442 2917 534 2978 facile
548 2913 660 2974 urbem
676 2911 759 2971 dare.

279 3013 391 3078 6320
412 3010 525 3090 patria,
548 3024 641 3084 quam
662 2999 866 3062 deseruimus!
889 2999 1046 3060 Praestaret
1069 3009 1100 3058 te
1120 3019 1189 3058 nen
1205 2997 1279 3058 dese·

241 3109 350 3179 ruisse,
362 3097 503 3180 quamvis
527 3089 904 3152 eversam:nau1facilius
921 3089 981 3148 fuit
998 3091 1031 3147 iu
1050 3103 1081 3148 te
1100 3091 1216 3149 iterum
1232 3089 1279 3148 do·

241 3195 392 3256 micilium
409 3188 538 3264 erigere,
553 3202 646 3261 quam
667 3180 747 3241 illud
768 3200 902 3262 quaerere
919 3199 974 3261 per
992 3190 1039 3239 tot
1055 3180 1168 3238 maria.
1190 3181 1278 3240 ore·

277 3315 490 3384 628.Sidemqne
501 3325 609 3362 emensae
618 3307 739 3379 ferimur.
785 3307 845 3358 dere
867 3305 902 3359 ad
922 3305 1123 3377 navigationem
1147 3301 1279 3356 referenda

243 3402 297 3452 Aut
308 3403 479 3464 tempestates
495 3389 545 3454 ait,
558 3406 615 3458 quae
627 3385 742 3443 ortensi
786 3399 868 3452 eunt,
891 3404 1004 3456 quorum
1029 3396 1144 3454 aspectu
1166 3398 1194 3436 et
1215 3377 1280 3455 que'si

244 3491 342 3528 occasu
360 3469 476 3522 siderum
494 3478 740 3538 capernascuutur:
785 3485 904 3520 mensum
920 3467 976 3537 regi
990 3464 1116 3522 classium
1134 3481 1229 3518 cursus
1245 3481 1280 3514 se·

244 3548 448 3622 autprorineias
456 3583 464 3612 ‚
472 3563 531 3618 qnte
541 3543 672 3597 sideribus
679 3542 755 3596 tuba
785 3544 823 3596 let
831 3566 841 3607 ‘,
848 3545 909 3596 ride
922 3563 1004 3616 supra
1015 3542 1064 3596 252
1077 3544 1126 3594 rite
1137 3562 1238 3596 mmor
1243 3560 1281 3596 ser·

242 3636 331 3704 jacent
342 3649 348 3678 2
361 3638 406 3690 ut,
423 3625 596 3696 uAEthiopnur
607 3639 741 3678 versemus
786 3635 847 3674 ueta
858 3625 985 3676 remetior
996 3631 1071 3674 astra.

245 3728 308 3762 oves
321 3706 371 3758 sub
384 3703 470 3758 sidere
482 3704 585 3756 Cancri.
593 3726 608 3752 a
625 3703 695 3755 Serv.
707 3729 742 3740 -
815 3701 1278 3774 629‚1rate1msequtmurfiaqteeem.

243 3790 359 3859 Heynius
381 3784 426 3837 bie
451 3786 582 3856 castigans
602 3783 741 3846 Serrium,
786 3784 821 3836 Ut
832 3783 911 3850 alibi,
925 3783 1004 3836 «lam
1014 3779 1279 3834 taudemltaliemfu

243 3883 309 3924 tom.
323 3869 373 3931 111,
390 3884 451 3938 pag.
464 3867 514 3931 65,
531 3877 587 3916 not.
601 3865 670 3927 628,
684 3880 739 3914 uon
786 3865 882 3936 pientio
893 3861 1048 3934 prendimus
1061 3877 1122 3912 oras
1135 3882 1141 3911 :
1156 3871 1280 3920 etrerera

245 3949 312 4004 mibi
324 3945 427 4000 ridetur
438 3944 485 3996 illo
499 3943 620 3998 felicior:
633 3960 696 3995 nam
709 3942 744 3994 si·
788 3942 877 3997 nullus
885 3940 1075 4012 sequitur,nisi
1087 3937 1250 4010 quodfugit.
1259 3936 1279 3988 S.
