2644 4614
319 327 372 392 1u
395 323 633 390 murroos
656 323 748 388 mo.
772 327 859 390 vu.
1044 333 1108 424 467
1221 321 1225 327 ’

74 467 144 526 ergo
154 446 243 509 illum
256 449 422 508 comitatur
432 447 514 528 legio
526 449 660 528 agrestis.
675 447 750 507 Mox
761 449 915 530 explicans
927 472 963 512 ac
976 451 1109 519 dilatans

74 533 154 593 uude
168 535 321 596 conducta
334 533 399 594 haec
412 535 537 615 agrestis
549 533 648 614 legio,
667 534 727 592 ait:
749 537 802 614 qui
821 536 930 598 colunt
944 561 1017 600 arva
1028 543 1108 605 Prae·

73 622 208 695 aestiua,
229 636 259 682 et
279 623 415 685 lunonis
432 621 579 694 Gabinae,
602 622 655 702 qui
672 621 789 702 degunt
809 623 901 684 litora
918 628 1059 708 Anienis,
1081 644 1110 691 et

73 726 143 766 saxa
159 711 384 782 Hernicorum,
411 710 463 790 qui
482 721 650 790 pascuntur
665 709 704 769 ad
721 711 911 792 Anagniam,
933 729 963 774 et
979 715 1110 780 fluvium

70 795 273 856 Amasenum:
294 817 332 857 en
344 796 398 856 illa
411 797 535 878 agrestis
546 797 639 878 legio.
653 797 793 872 Etenim,
812 811 846 856 ut
861 815 974 880 purast
990 805 1110 886 conjec-

69 894 133 943 tare
150 905 185 944 ex
203 887 381 948 narratione
402 888 538 966 poetica,
558 902 624 946 uon
641 900 705 946 tam
722 889 805 966 cives
815 889 996 951 Praenestini
1015 901 1110 958 secuti

68 982 142 1032 sunt
154 973 328 1050 Corculum,
347 995 442 1055 quam
459 977 513 1056 qui
530 995 602 1034 arva
618 975 807 1035 Praenestina
823 977 1018 1056 incolebaut3
1037 997 1111 1048 uam

71 1062 198 1140 agrestis
218 1061 318 1143 legi03
340 1074 369 1121 rt
389 1082 462 1122 mox
480 1075 706 1143 consequenter
725 1063 869 1123 nominat
889 1084 962 1124 arva
982 1068 1112 1130 Gabiuae

69 1150 222 1226 Juuonis,
244 1153 412 1228 Anienem,
434 1169 506 1212 saxa
521 1154 665 1214 Hernica.
684 1153 804 1214 Deinde
820 1153 947 1215 adhibet
964 1157 1112 1221 militaria

69 1239 275 1300 instrumenta
287 1240 418 1322 legionis
429 1239 540 1322 hujuss
560 1251 627 1301 uon
643 1254 731 1302 eraut
744 1240 892 1302 omuibus
905 1255 1007 1321 ar'rua,
1027 1247 1112 1308 vide·

69 1327 144 1386 lioet
154 1349 221 1388 non
236 1328 355 1412 clypei,
376 1349 442 1388 non
456 1349 581 1388 currus:
603 1333 706 1411 itaque
717 1330 835 1412 clypei,
856 1343 886 1389 et
896 1348 1003 1402 currus
1016 1334 1112 1415 expli·

67 1430 157 1492 caut,
172 1418 210 1478 tle
221 1419 436 1500 quibusarmis
447 1440 521 1480 mox
529 1418 686 1500 loquatur.
697 1421 795 1480 Multa
806 1419 988 1500 hujusmodi
999 1424 1032 1482 iu
1042 1425 1113 1486 Vir·
1193 1455 1200 1476 x

70 1507 147 1589 gilio
164 1523 254 1584 suut,
273 1507 329 1569 ubi
347 1513 505 1590 sequentia
520 1510 673 1592 explicant
689 1510 872 1594 precedens.
894 1513 967 1572 Pars
986 1513 1113 1574 illorum

66 1595 230 1677 plumbeas
246 1597 375 1680 glandes
391 1598 555 1680 spargebat
571 1599 605 1656 in
624 1595 743 1672 hostes,
765 1615 835 1682 pars
860 1599 999 1679 gestabat
1016 1617 1113 1661 manu

106 1787 265 1840 stratum
273 1788 408 1840 Praeneste.
418 1786 485 1840 Galo
493 1785 568 1854 dicit,
612 1787 1115 1862 massullspugnabant.Doa.-Sphae·

70 1893 83 1916 a
95 1869 158 1938 quia
171 1868 193 1922 is
207 1868 283 1921 locus
297 1868 434 1920 montibus
448 1877 568 1939 prestet,
613 1868 677 1920 rnlae
692 1867 872 1920 bombardicae
886 1881 956 1922 sunt.
970 1870 1049 1923 Ovid.
1065 1871 1114 1924 lib.

67 1951 199 1999 Praeueste
222 1947 323 2019 oppido
342 1966 440 2000 nomen
460 1947 566 1999 dedit.»
613 1949 661 2000 Vll
670 1970 676 1999 :
692 1947 844 2001 «Contorto
854 1949 965 2002 verbere
974 1949 1114 2022 glandes.»

66 2027 141 2098 Ergo
153 2025 251 2094 altum,
265 2027 327 2099 quie
339 2029 367 2078 in
379 2027 515 2078 montibus
526 2026 569 2078 lo·
612 2027 698 2095 Olim,
718 2041 780 2081 aute
797 2037 875 2080 us'um
891 2029 1114 2100 bombardarum,

65 2100 168 2159 catum.
182 2107 300 2160 Dicimus
309 2120 397 2160 autem
408 2120 434 2160 et
444 2107 492 2158 hoc
501 2107 571 2158 Proe-
615 2121 727 2180 apparet
735 2110 829 2160 missas
836 2109 919 2160 fuisse
926 2107 1026 2161 lundis.
1037 2112 1112 2163 Πανί.

66 2196 157 2254 nester
184 2187 313 2256 «Quique
337 2187 420 2238 altum
439 2188 569 2238 Praeneste
613 2186 760 2238 ——lndieat
771 2185 933 2252 funditores,
948 2190 1052 2240 etiamsi
1065 2190 1114 2242 ab·

64 2271 121 2322 viri
132 2289 158 2318 n:
170 2280 197 2320 et
209 2269 420 2334 taceremus,
433 2267 504 2320 unde
516 2279 569 2334 est,
614 2266 711 2317 stineat
723 2283 739 2316 a
751 2266 859 2317 nomine
870 2265 1023 2319 fundarum.
1037 2266 1114 2322 Clare

65 2365 173 2421 «quum
195 2347 309 2416 primam
332 2347 417 2398 aciem
440 2349 569 2398 Praeneste
613 2345 767 2415 Propertius
788 2343 904 2416 explicat
926 2345 991 2418 eleg.
1013 2348 1059 2415 IV,
1078 2349 1112 2401 3:

64 2429 121 2484 sub
133 2429 192 2497 ipsa
201 2427 291 2478 stravi.
303 2449 314 2472 n
325 2425 394 2477 Seru.
403 2425 513 2477 -Vide
523 2425 571 2476 Ex·
617 2421 766 2475 aPlumbea
776 2431 859 2493 quum
868 2436 944 2476 tortae
951 2440 1114 2499 sparguntur

63 2523 179 2563 cursum
187 2505 262 2570 vm,
273 2503 326 2556 vol.
340 2504 389 2571 lll,
401 2522 427 2574 p.
435 2504 486 2574 3⁸7
495 2517 522 2556 et
529 2521 569 2576 sq.
614 2501 736 2573 pondera
747 2500 837 2553 funde
848 2525 859 2550 n
871 2523 878 2553 z
889 2515 915 2556 et
925 2502 1009 2556 dubio
1018 2506 1116 2578 procul

62 2617 103 2631 .-
113 2585 220 2637 Gabinae
228 2583 348 2636 Junonis.
361 2581 442 2654 Apud
454 2581 570 2649 Gabios,
614 2580 650 2634 ad
659 2580 800 2652 Virgilium
812 2579 910 2632 allusit.

61 2672 80 2722 J
83 2684 140 2719 uno
149 2664 348 2737 religiosissime
360 2663 513 2728 corebama
524 2681 571 2716 uu·
649 2661 710 2714 688.
723 2661 868 2734 blslvosque
879 2661 936 2733 lupi
947 2663 980 2714 de
987 2665 1058 2736 pelle
1066 2685 1116 2740 yae

62 2749 102 2800 de
118 2745 191 2798 dieta
201 2757 241 2798 est
250 2743 368 2812 Gabina,
380 2743 455 2816 quod
464 2743 570 2797 Servius
615 2739 687 2794 leros.
698 2740 806 2798 uatem
812 2743 944 2812 geuusest
953 2743 1031 2814 pilei,
1042 2745 1116 2814 quod

62 2837 155 2879 notat.
174 2825 296 2876 Meminit
311 2823 392 2896 hujus
412 2825 474 2878 Dera
492 2823 570 2877 Silius
615 2821 714 2873 Fronto
732 2838 829 2892 genere
850 2833 946 2872 neutro
966 2821 1045 2890 dicit,
1067 2824 1115 2878 boo

63 2911 97 2960 in
106 2903 155 2956 lib.
164 2903 228 2970 ΧΠ,
240 2921 309 2956 cneo
322 2921 427 2956 amoena
438 2917 572 2958 retentant
613 2898 741 2974 galerum.
761 2901 833 2954 Serv.
851 2899 1009 2954 -Galerus
1030 2923 1114 2976 genus

64 2983 185 3057 Algida,
206 3002 257 3037 uec
269 2985 345 3054 juxta
362 2985 477 3036 Junouis
501 2997 572 3038 tecta
616 2992 656 3034 est
668 2993 822 3047 armatura,-
834 2979 896 3032 looo
908 2980 1003 3052 galee,
1018 2995 1048 3035 ut
1058 2985 1116 3036 vult

64 3066 216 3121 Gabinae.·
615 3062 721 3114 Varro:
743 3073 820 3134 putat
840 3062 936 3113 lunius
955 3063 1116 3134 respondere

103 3143 572 3217 683.GelidumqusAniensm.Anio
616 3139 669 3208 illi,
684 3157 763 3214 quern
779 3139 887 3212 Dionys.
906 3151 984 3192 voest
995 3141 1061 3196 ulau
1073 3164 1117 3194 aa.

62 3226 169 3279 fluvius
187 3223 262 3277 lraud
277 3223 356 3296 louge
374 3224 416 3276 sb·
427 3223 500 3277 Urbs
517 3237 570 3277 ests
615 3223 701 3289 rents,
711 3219 1116 3294 quleturbiuatatiguralsazius

61 3305 118 3361 sed
137 3305 183 3357 hic
205 3302 369 3376 euphoniam
386 3317 493 3357 secutus
512 3318 570 3358 est:
616 3303 690 3366 Vlll,
707 3304 752 3369 14,
765 3301 1006 3372 nominatapileos
1018 3299 1117 3358 hiems·

59 3405 134 3442 nam
152 3385 253 3436 Ennius
268 3383 399 3438 Anionem
416 3383 482 3435 dixit
498 3385 572 3454 juxta
616 3381 687 3433 les.»
703 3381 769 3432 Puto
785 3383 876 3451 itaque
887 3380 985 3451 duplex
995 3400 1052 3436 esse
1064 3383 1117 3438 dis·

58 3465 200 3540 regulam.
214 3465 284 3518 Seru.
294 3491 329 3504 -
341 3463 570 3516 celebratissimus
617 3459 837 3532 erimeuzgalerus
846 3461 1022 3513 acuminatior
1030 3475 1116 3516 attur.

60 3557 108 3602 est
129 3545 251 3596 omniurn
268 3545 297 3594 iu
316 3542 435 3608 Tiberim
453 3542 572 3596 defluen·
615 3539 733 3593 binatior
751 3540 837 3612 galea.
857 3540 989 3608 Alterum,
1008 3543 1114 3614 galerus

60 3631 138 3680 aium
154 3625 254 3688 amuis,
272 3620 306 3672 de
324 3639 377 3692 quo
395 3619 499 3674 Cluvar.
516 3635 569 3674 ant.
616 3619 1115 3695 eratepellibusfernrum,eumgalea

58 3706 126 3760 ltal.
139 3703 187 3755 lib.
200 3704 238 3768 ll,
249 3721 276 3772 p.
290 3717 356 3770 711,
369 3715 430 3768 7¹²·
539 3717 542 3722 ·
616 3699 801 3769 utplurimum
813 3717 845 3750 ex
858 3715 917 3751 sere.
936 3699 1047 3754 Galeros
1061 3703 1115 3760 dici

102 3785 170 3837 686.
188 3783 244 3836 Nec
258 3779 343 3852 clipei.
363 3779 443 3830 Scuta
455 3780 570 3848 majora;
615 3779 696 3830 etiam
710 3777 828 3830 eudones
845 3777 922 3830 multi
937 3777 1114 3852 adnotarunt,

58 3867 145 3920 dicta
161 3863 197 3916 ab
213 3879 245 3914 eo
262 3858 335 3931 quod
354 3857 439 3911 celent
457 3875 570 3928 corpus,
615 3857 703 3910 exillo
714 3857 782 3921 Silii3
793 3858 1113 3934 eaputlrismdoneferino

60 3939 366 4000 iaeleoimimu.Serv.
518 3938 521 3944 '
613 3948 665 3991 stat
678 3949 792 3991 cautum.
807 3939 847 3992 De
864 3939 954 4011 galero
970 3940 1024 3994 vid.
1042 3941 1115 3997 Sole-

102 4023 169 4092 687.
186 4019 300 4074 Liuentis
311 4017 420 4092 plumbi.
438 4016 570 4070 Plumbeis
614 4021 683 4087 rius,
695 4039 722 4092 p.
737 4020 796 4089 249.
