2644 4614
302 325 354 388 m
378 325 731 393 unctuosum.
755 329 865 394 vm.
1040 337 1103 418 ass

103 466 151 526 79.
168 447 248 522 Quia
261 447 404 510 festinato
420 467 517 528 opus,
532 448 602 508 ideo
614 471 646 510 se
656 452 762 513 statim
774 451 812 514 ad
825 461 949 514 cursum
962 461 1104 539 accingit,

60 548 155 615 atque
171 557 206 594 ex
218 549 284 596 tota
295 535 388 598 classe
400 537 530 599 biremes
543 537 620 598 duas
638 539 725 622 eligit
737 545 983 620 praestantiores,
1003 557 1032 604 et
1045 548 1107 607 lor-

59 621 175 696 tiores;
191 622 272 683 hanc
284 627 366 687 enim
379 627 589 706 prestantium
601 626 718 686 indicat
731 627 824 688 verbo
839 626 924 710 leqit:
940 644 1024 713 aptat
1039 633 1106 693 illas

60 714 201 792 remiqio,
217 712 321 790 idest,
337 715 524 796 remigibus:
540 728 570 774 et
581 714 638 775 hos
648 717 796 797 remiges,
811 739 888 797 quos
899 727 990 780 vocat
999 725 1107 798 socios,

62 797 197 858 adornat
208 803 297 860 annis
303 847 312 876 ,
328 801 361 863 id
373 817 434 876 est,
451 805 649 864 armamentis
661 805 792 863 nauticis
801 835 813 879 ‚·
823 813 852 864 st
864 808 967 868 remis.

103 888 152 947 81.
172 889 326 948 Petiverat
337 889 463 963 AEneas,
483 903 520 951 ut
530 889 640 971 Tybris
653 912 717 950 rem
731 890 883 966 firmarem
901 913 967 953 ecce
980 892 1045 974 jum
1057 895 1110 956 fir-

59 987 273 1049 mamentum,
294 975 333 1034 de
346 996 409 1057 quo
423 978 456 1036 in
469 978 586 1036 somnis
598 977 730 1038 fluvius:
753 978 882 1042 videtin
894 980 995 1062 sylva,
1018 995 1111 1064 atque

60 1064 97 1122 in
114 1064 182 1142 ipso
200 1065 291 1127 litore
304 1087 390 1126 suem
406 1067 510 1126 albam
525 1082 596 1126 'cum
615 1067 692 1126 albis
709 1068 869 1148 procellis3
891 1068 950 1129 hoc
967 1083 1011 1130 est
1025 1074 1108 1131 euim

57 1171 108 1210 sus
119 1150 258 1212 concolor
267 1154 419 1236 cumfratre
430 1152 518 1215 albo:
535 1156 607 1234 quia
619 1171 692 1214 vero
701 1153 880 1242 'ibijctcebin
896 1156 966 1216 ideo
978 1155 1030 1216 hic
1041 1179 1109 1239 pro·

55 1238 177 1300 cubuit:
192 1242 239 1306 ibi·
246 1237 356 1324 suetus,¹
368 1241 519 1326 hicfoetu:
534 1244 578 1302 i'b'i
591 1242 696 1306 litoreis
707 1244 759 1305 sub
772 1243 885 1306 ttuttus
891 1290 901 1320 ,
921 1245 972 1305 hic
986 1229 1038 1328 pec
1052 1245 1109 1327 syl·

57 1351 127 1394 vam
144 1333 175 1394 in
187 1332 273 1396 viridi
288 1331 379 1396 litore.

101 1417 149 1495 84.
165 1423 305 1502 Explicat
313 1421 451 1503 jussum
472 1425 588 1506 quippe
600 1421 730 1506 Tybris,
746 1427 860 1486 Junonr'
866 1426 918 1508 fer
929 1428 982 1487 rite
993 1435 1108 1507 preces:

55 1531 131 1590 ergo
145 1524 258 1572 mactat
271 1533 357 1572 suem
366 1515 404 1573 in
417 1512 570 1574 honorem
581 1516 714 1579 lunonis
722 1547 735 1589 ‚·
748 1519 859 1574 etcum
873 1536 963 1596 grege
978 1527 1062 1590 toto,
1075 1515 1107 1574 id

57 1611 122 1676 est,
137 1602 265 1683 triginta
277 1603 429 1683 porcellis.
450 1602 604 1664 Pdrticula
620 1606 698 1664 enim
713 1605 837 1685 respicit
848 1617 1037 1686 praeceptum
1049 1605 1107 1664 llu-

57 1689 173 1750 mi'nis:
194 1690 298 1770 itaque
314 1693 372 1764 eit3
392 1701 481 1772 quam
494 1693 604 1753 AEmes
617 1699 727 1752 moctctt
739 1689 790 1751 riti
798 1731 808 1765 ,-
828 1711 844 1750 ο
860 1693 941 1752 June
953 1694 1109 1765 Maxima,-

59 1775 115 1839 tt'bi
127 1781 206 1838 enirn
218 1779 415 1841 mactandam
428 1782 575 1861 precepit
585 1781 705 1864 Tybris.

101 1865 150 1924 su
169 1864 280 1950 Tybris
294 1867 329 1926 in
343 1869 474 1948 gratiam
488 1869 590 1928 AEneae
603 1868 697 1928 leniit
708 1879 800 1928 nocte
815 1865 870 1926 illa
883 1871 1038 1930 tumorem
1051 1867 1110 1932 flu-

57 1953 172 2015 minis:
187 1955 230 2013 ita
242 1974 316 2014 vero
328 1953 463 2014 reddidit
473 1953 653 2034 placidum,
665 1968 701 2014 ut
713 1956 809 2022 instar
821 1957 938 2036 stagni,
953 1967 1006 2016 aut
1018 1953 1108 2037 palu·

57 2042 127 2117 dis,
148 2042 296 2104 refluente
309 2043 415 2119 unda,-
431 2043 627 2120 subsisteret,
651 2056 898 2125 sternereturque
913 2066 985 2106 vere
998 2055 1110 2126 equor,

57 2129 92 2190 id
106 2144 165 2204 est,
188 2149 331 2212 equum3
351 2147 391 2198 ne
408 2130 556 2192 videlicet·
566 2132 622 2198 diu
637 2134 729 2198 remis
746 2130 832 2193 fieret
847 2131 1019 2194 obluctatio
1029 2153 1042 2204 t
1057 2133 1110 2192 sed

56 2241 209 2303 perquam
224 2220 346 2300 placide
360 2219 572 2279 absolveretur
586 2222 755 2298 navigatio.

98 2329 149 2388 9⁰·
164 2307 285 2386 Duplex
297 2326 362 2378 res,
377 2317 407 2362 et
419 2305 574 2376 celeritas,
588 2317 618 2362 et
630 2301 777 2362 felicitas:
794 2303 868 2386 qiria
880 2300 1021 2376 celarunt,
1035 2301 1108 2364 ideo

56 2393 242 2476 explicatius
254 2389 361 2450 labitur
369 2386 447 2468 abies
454 2414 466 2462 ;
478 2403 507 2448 et
517 2389 604 2447 addit
614 2409 754 2463 causam,
768 2389 841 2470 quia
853 2402 956 2462 uncta,
972 2401 1001 2447 et
1012 2389 1109 2463 vadis3

56 2484 133 2566 quia
143 2477 260 2540 scilicet
269 2471 447 2560 tranquillae
459 2477 553 2539 undae
564 2490 594 2536 et
604 2477 697 2538 lenes.
712 2481 892 2559 Sequuntur
903 2480 990 2538 mirae
1002 2499 1109 2560 proso·

56 2571 211 2654 popoeiae:
227 2567 320 2628 undae
342 2581 371 2628 et
387 2587 497 2634 nemus
514 2569 668 2634 mirantur
681 2569 804 2635 insueta
819 2588 922 2648 arma,
941 2580 1027 2640 scuta
1042 2591 1109 2630 non

55 2665 141 2736 visa,
154 2674 185 2722 et
196 2658 350 2742 fulgentia
362 2660 395 2720 in
410 2661 479 2740 ipso
492 2657 607 2723 fluvio:
623 2661 777 2720 mirantur
786 2661 882 2720 etiam
896 2679 992 2720 naves
1002 2663 1107 2742 pictas.

59 2859 111 2893 nec
125 2851 200 2892 muto
214 2843 339 2890 versum:
355 2838 483 2892 dicuntur
494 2841 564 2892 enim
608 2839 733 2892 nuscetur
747 2838 877 2891 ridiculus
893 2839 952 2890 mus
962 2839 974 2886 t
986 2859 994 2888 :
1005 2841 1108 2910 gratio-

58 2923 106 2973 Dii
115 2921 199 2986 tueri,
211 2918 330 2984 fimare,
341 2920 494 2987 vindicare,
505 2935 566 2972 san-
609 2936 651 2973 res
661 2921 731 2972 enirn
739 2935 830 2970 versus
837 2919 882 2970 i'sti
891 2918 953 2969 aurit
961 2917 1108 2972 secuudum

60 3002 116 3053 cire
129 3017 180 3052 sua
188 3001 312 3052 numina:
323 3000 411 3053 Cerdo.
608 2999 750 3068 Lucilium.
764 2999 834 3051 Serv.
1088 2986 1099 2999 f

98 3080 141 3132 81.
154 3081 312 3132 Monstrum.
324 3077 529 3146 Quiretsubito
538 3091 565 3130 et
642 3078 688 3130 86.
703 3076 837 3130 fluvium.
850 3075 901 3128 llic
912 3075 1010 3127 flumen
1022 3073 1110 3146 ipsum

59 3178 122 3212 cum
134 3161 245 3231 triginta
254 3158 385 3230 porcellis
393 3165 434 3211 e'st
447 3159 513 3210 risa.
536 3157 563 3210 S.
610 3161 685 3229 equae
695 3175 777 3208 cursu
783 3156 910 3222 lenitum,
923 3153 1109 3225 accipiendum

59 3267 94 3280 -
104 3241 261 3292 Monstrum.
274 3238 366 3304 ldest,
379 3237 453 3310 quod
459 3237 566 3290 videtur
609 3251 658 3292 eet.
672 3267 706 3279 -·-
718 3238 804 3309 Quam
817 3237 898 3309 lonqa
908 3246 964 3300 ests
976 3246 1057 3286 nocte.
1080 3237 1110 3288 ln

59 3319 566 3392 contristationemnnurae.Donac-
606 3316 747 3391 duantum·
760 3317 843 3390 lunga
863 3327 919 3368 est:
941 3327 990 3381 ut,
1009 3316 1109 3369 «Nune

59 3401 218 3452 Monstrum.
238 3401 349 3470 Propria
363 3417 428 3451 usus
441 3413 524 3462 voce,
546 3417 565 3448 a
609 3399 724 3455 lriem'e'm
734 3398 807 3452 intel·
820 3415 848 3448 se
861 3396 938 3462 luxu,
957 3395 1110 3466 quam³loi12

60 3479 239 3532 monstrsmdo
256 3493 283 3532 et
299 3479 517 3550 predivinu'ndoa
536 3491 566 3528 ut
610 3483 658 3551 gir,
673 3477 773 3529 fudere.
786 3501 796 3524 ιι
808 3479 839 3516 -’-
849 3475 976 3553 depluens.
991 3475 1071 3526 Velut
1082 3477 1110 3528 in

62 3571 90 3610 et
102 3563 281 3629 portentum'a
291 3557 489 3628 portendendo.
587 3624 589 3634 Ι
610 3559 714 3610 alveum
724 3575 800 3608 suun
810 3557 963 3619 recurrens,
975 3555 1004 3606 u't
1013 3551 1109 3608 AEueas

99 3639 140 3690 83.
167 3639 328 3710 Conspicitur
347 3657 396 3690 sus.
418 3639 564 3700 Horatius,
610 3635 932 3707 coutraundaspergeus,
946 3633 1110 3688 descendeu-

65 3741 77 3764 α
89 3731 115 3770 et
126 3720 212 3771 amica
219 3717 277 3768 luto
287 3735 340 3768 sus.
352 3717 565 3770 esciendumta·
609 3719 646 3767 ti's
659 3715 794 3768 celeritate
807 3713 1003 3786 propemodum
1020 3718 1110 3770 utere-

61 3815 124 3850 men
134 3796 187 3848 hoc
200 3797 395 3850 essevitiosum
407 3795 565 3866 monosylln·
611 3808 661 3847 tur.
674 3795 744 3848 Sero.
873 3797 876 3804 ’
922 3845 925 3849 ,

61 3875 99 3928 bo
118 3874 189 3928 finiri
206 3892 327 3941 versum,
344 3877 395 3927 nisi
413 3877 483 3927 forte
502 3878 562 3946 ipso
643 3879 686 3944 902
699 3874 937 3928 nenorensem.
950 3872 1107 3946 Egocxisti-

62 3956 249 4030 monosyllaho
271 3957 375 4008 minora
398 3956 563 4028 explicentur
607 3953 802 4007 moMarone'm
815 3954 860 4006 hic
876 3953 1108 4024 ditere‘rrojanos

14 4035 21 4042 ’
64 4039 203 4094 animalia:
214 4050 257 4107 ut,
270 4031 438 4111 aperturient
448 4051 561 4104 montes,
607 4035 715 4090 leuitate
727 4034 857 4100 fluminis,
875 4047 903 4086 et
911 4045 1031 4088 monstro
1046 4033 1109 4086 albae

889 4125 929 4176 31.
