2692 4594
202 291 264 356 ,190
526 257 912 337 ,anniuersarium

200 389 245 449 tia
259 384 392 470 perfecta
408 393 467 456 est,
482 382 574 441 etiam
589 382 613 440 si
627 380 824 462 imperfectus
837 401 954 456 versus3
969 392 1005 442 ut
1017 403 1090 466 quos
1102 405 1158 467 eqo
1166 432 1176 461 ,
1197 386 1257 448 ubi

199 497 320 542 summa
338 472 494 536 sententiae
510 470 660 552 perfectio
683 472 717 532 in
734 471 900 530 verborum
919 471 1181 554 imperfectione:
1203 478 1256 535 isti

95 555 98 561 ⁵
198 563 392 630 enimhiatus
400 561 471 620 miri
482 572 553 620 sunt
562 559 600 622 ad
612 561 794 620 orationem.
804 560 909 642 Aliqui
921 563 963 620 ita
971 562 1120 644 supplent
1129 587 1137 623 τ
1147 565 1256 642 Quem
1339 545 1340 570 l

200 658 259 718 tibi
271 654 336 736 jam
352 647 444 732 Troja
460 653 569 731 peperit
573 649 713 732 fumante
730 651 854 710 Creusa:
871 649 924 708 sed
940 651 1005 710 istae
1018 651 1160 713 assutelae
1181 663 1258 713 sunt

199 745 261 808 hoc
270 753 339 802 vate
351 739 504 820 indigum:
518 739 651 800 substitit
663 737 991 814 enimdndromacha,
1004 743 1171 801 nominata
1180 743 1259 801 Tro·

196 833 245 916 ja,
258 851 321 913 quo
334 849 406 888 sane
417 828 481 888 vim
494 829 629 888 orationi
644 823 745 903 dedit,
757 827 895 886 adimens
908 825 1010 886 dolori
1020 849 1088 889 suo.

241 921 308 996 341.
324 915 428 977 Refert
440 915 479 976 ad
494 915 654 991 Creusam,
673 938 767 998 quarn
781 918 918 975 amissam
933 936 1060 998 quoque
1075 916 1168 993 dicit,
1184 917 1258 976 AEn.

201 1012 245 1086 Il,
257 1029 286 1066 v.
303 1005 545 1096 7413Neeprius
560 1007 698 1066 amissam
714 1007 823 1086 respexi
828 1029 839 1078 ,·
853 1025 917 1064 non
935 1005 1020 1062 enim
1038 1003 1183 1085 placent,
1200 1005 1258 1084 qui

201 1098 350 1181 patriam,
369 1095 442 1176 quia
453 1096 611 1176 praecessit
622 1115 740 1154 nomen
752 1091 870 1176 Trojae:
888 1091 951 1156 hoe
965 1087 1089 1155 nullum
1103 1105 1152 1152 est
1164 1113 1258 1173 argu·

201 1198 353 1248 mentum.

241 1275 310 1350 342.
330 1272 462 1334 Videtur
477 1275 601 1356 antiqua
616 1275 706 1334 virtus
723 1271 785 1333 dici
802 1293 872 1333 cum
892 1284 1033 1356 respectu
1051 1271 1091 1330 ad
1105 1273 1258 1343 AEneam3

202 1366 296 1428 animi
313 1361 409 1424 viriles
429 1382 501 1422 eum
521 1365 663 1444 respectu
682 1361 722 1421 ad
743 1365 925 1422 Hectorem:
948 1364 990 1422 sic
1008 1361 1199 1422 concinnior
1214 1369 1260 1418 est

202 1454 373 1516 sententia:
388 1453 537 1527 rationes,
558 1472 607 1512 me
620 1464 755 1528 tacente,
769 1454 833 1534 ipse
846 1449 986 1532 conjicis.
999 1449 1057 1511 Sed
1069 1470 1125 1508 cur
1137 1451 1259 1508 Hector

203 1539 380 1614 avunculus,
399 1561 496 1620 quum
514 1561 581 1600 non
600 1541 695 1600 frater
712 1539 852 1602 Creusae?
871 1539 1046 1602 extenditur
1065 1535 1257 1618 significatio

204 1630 365 1704 vocabuli,
385 1642 421 1687 ut
439 1630 472 1686 in
491 1629 671 1703 nonnullis,
689 1650 757 1710 quae
769 1631 927 1710 pertinent
945 1628 984 1688 ad
1002 1625 1258 1707 consanguinita-

204 1735 283 1792 tem3
298 1719 399 1778 visum
416 1718 450 1775 in
461 1715 521 1776 hoc
533 1739 626 1798 opere
641 1738 706 1777 non
718 1718 821 1779 semel.

247 1805 316 1880 344.
337 1806 434 1882 Quasi
452 1827 519 1866 non
537 1817 602 1866 tam
621 1807 814 1888 loqueretur,
834 1827 929 1889 quam
947 1806 1052 1866 fleret:
1071 1803 1144 1863 ideo
1163 1801 1259 1860 verba

199 1893 348 1980 fundebat
365 1895 444 1954 sicut
462 1909 494 1958 et
511 1895 677 1976 lacrymas,
698 1897 958 1980 ciebatquefletus,
976 1909 1005 1954 et
1021 1894 1078 1954 hos
1093 1891 1211 1974 leopos,
1225 1901 1260 1948 ut

208 1983 309 2043 solent
322 1981 461 2057 feminae,
481 1996 510 2042 et
524 1986 632 2044 omnia
644 1987 804 2058 incusum,-
817 2005 890 2044 nam
902 2004 939 2044 ex
949 1995 999 2042 tot
1010 1981 1133 2042 fletibus
1151 1977 1259 2038 nullus

207 2074 325 2136 fructus
338 2071 517 2154 reparandis
531 2072 634 2135 rebus.
653 2076 737 2135 lnter
752 2073 810 2135 hos
827 2075 932 2148 fletus,
951 2083 1017 2132 ecce
1033 2069 1115 2130 heros
1126 2065 1259 2128 Helenus

207 2161 369 2228 Priamides
388 2161 490 2242 (filius
506 2166 638 2246 Priami)
655 2166 744 2249 offert
759 2187 788 2225 se
806 2187 842 2224 ex
858 2162 1013 2236 moenibus‚·
1028 2159 1162 2243 apnoscit
1178 2179 1260 2230 suos,-

208 2251 289 2315 dueit
297 2249 338 2310 ad
350 2252 473 2324 moenia;
479 2251 585 2334 fiendis
596 2251 741 2334 lacrymas
751 2251 918 2313 inseruerim
929 2247 1060 2332 simpulo,
1075 2259 1105 2306 et
1117 2245 1175 2306 has
1186 2239 1260 2304 muf-

151 2353 153 2358 '
212 2351 287 2410 tum,
302 2336 336 2395 id
352 2348 412 2412 est,
430 2337 577 2413 ubertim,
596 2353 626 2398 et
644 2340 778 2420 copiose.
797 2341 869 2399 Duo
883 2337 934 2396 hic
948 2335 1104 2418 expende:
1119 2335 1259 2416 primum

211 2422 293 2488 nihil
312 2424 479 2484 verborum
499 2423 609 2486 datum
626 2427 759 2502 Heleno,
775 2447 816 2486 ue
832 2427 932 2486 oratio
949 2425 1015 2505 ejus
1029 2423 1173 2503 frigeret,
1191 2434 1260 2502 post

211 2511 442 2572 inflammatum
464 2533 638 2574 sermonem
658 2515 904 2590 Andromachae3
925 2514 1118 2596 plenumque
1139 2509 1259 2590 magnis

209 2600 389 2662 affectibus:
400 2601 531 2684 alterum
542 2606 744 2665 memorabile
754 2605 930 2687 exemplum
941 2602 1014 2662 fidei
1024 2604 1057 2661 in
1067 2621 1155 2674 suos,
1168 2599 1259 2662 etiam

211 2691 236 2750 si
249 2688 381 2762 exsules3
395 2694 549 2770 agnoscit,
562 2693 648 2754 ducit
661 2692 888 2775 perhonorifice
901 2691 939 2752 ad
952 2690 1060 2750 urbem
1074 2709 1175 2748 suam.

252 2778 321 2860 349.
334 2779 492 2842 Sententia
508 2781 621 2843 borum
637 2805 782 2844 versuum
794 2783 876 2845 clara
888 2795 932 2842 est
944 2804 951 2840 ι
967 2784 1089 2838 tantum
1101 2777 1259 2860 perpende
1277 2819 1279 2823 -

212 2869 343 2929 verbum
360 2891 500 2951 apuoseo,
520 2892 583 2952 quo
596 2894 628 2932 se
639 2887 731 2955 poeta
746 2874 863 2954 aperit:
879 2871 922 2930 ita
939 2871 1019 2928 enim
1033 2869 1142 2926 omnia
1159 2867 1259 2948 dispo·

212 2959 270 3018 sita
279 2971 368 3023 erant
379 2960 413 3020 in
425 2981 462 3020 eo
474 2961 621 3038 aedificio,
635 2977 664 3022 et
678 2965 711 3023 in
723 2984 760 3022 ea
771 2961 862 3038 urbe,
872 2973 908 3021 ut
919 2961 1097 3042 quicunque
1106 2957 1258 3036 Trojanus

211 3121 266 3162 tem
278 3105 466 3182 significatzut
474 3109 568 3162 Cicero
580 3113 609 3162 in
618 3111 715 3167 Murae-
759 3115 837 3186 epist.
853 3129 883 3164 aa
899 3135 905 3164 :
920 3111 1074 3183 «Laerymae
1086 3106 1156 3159 nibil
1167 3109 1259 3178 profu·
1339 3101 1340 3104 '

211 3193 294 3246 niana
309 3213 315 3242 :
333 3190 413 3243 «Suis
430 3193 550 3262 utrisque
565 3196 714 3262 superstiti·
758 3208 823 3249 turae
833 3193 967 3246 cadunt.»

196 3271 304 3338 busa,
322 3271 352 3324 id
369 3285 424 3340 est,
442 3271 627 3343 praesentibus.
642 3274 713 3326 Sem.
794 3275 854 3344 349.
870 3273 984 3326 Parvum
1001 3271 1115 3342 Trojam.
1132 3271 1163 3320 In
1176 3269 1260 3318 omni·

212 3351 451 3406 -Veteituraurm
460 3351 609 3406 ltaLucret.
621 3351 667 3404 lib.
676 3353 713 3412 V,
759 3355 811 3406 bus
821 3352 1021 3414 iitisversibua,
1033 3368 1067 3401 ne
1077 3349 1184 3400 minuat
1192 3365 1260 3420 mag·

215 3456 228 3480 a
240 3433 310 3482 Nam
326 3447 490 3499 quascunque
502 3429 577 3503 rides
591 3433 664 3484 vesci
677 3435 715 3485 vi·
759 3433 909 3486 nitudinein
920 3434 1007 3502 Trojae
1021 3429 1131 3501 patriai,
1147 3427 1260 3484 ostendit

159 3505 162 3512 '
212 3507 312 3562 talibus
322 3509 421 3560 auris.»
433 3507 506 3560 Idem
517 3532 527 3556 u
537 3513 715 3565 veseisermo·
758 3513 829 3566 hano
845 3531 900 3564 uon
918 3523 1107 3572 tentamentis,
1124 3506 1175 3558 sed
1190 3505 1260 3559 simi·

213 3585 716 3655 netiidemuticieem«veicivo-
759 3593 832 3646 lem:
847 3611 910 3644 nam
929 3591 996 3642 dixit
1011 3605 1122 3660 paruam
1145 3587 1258 3658 Trojam,

213 3664 372 3740 luptatibus.
383 3689 395 3714 s
408 3667 514 3722 Taubm.
760 3685 787 3724 et
799 3672 922 3724 simulata
936 3673 1080 3744 Perqama,
1097 3677 1259 3738 arentemque

251 3745 312 3812 345·
326 3745 457 3802 Incassum
460 3749 552 3824 fletus.
564 3751 597 3802 Et
609 3750 714 3825 leopos,
746 3739 845 3804 'rivum
857 3751 965 3804 Xanthi.
977 3752 1074 3802 Donat.
1109 3779 1111 3784 ,
1154 3808 1155 3812 Ἰ

215 3839 245 3884 et
259 3825 386 3878 incassum
402 3825 473 3882 bene
487 3829 606 3896 addidit,
623 3843 653 3883 ut
666 3833 717 3883 foa*
794 3831 856 3884 351.
877 3831 1003 3905 Aqnosco.
1026 3829 1079 3882 Aut
1101 3825 1258 3898 cognomine

216 3909 320 3962 mineus
331 3903 491 3960 monstraret
503 3909 632 3964 adfectus.
645 3912 715 3964 Sem.
760 3929 888 3983 agnosco,
897 3929 960 3964 nam
968 3907 1197 3979 aaeognoseimus
1205 3921 1258 3974 qua

219 3987 401 4044 -Iocassum
412 3988 523 4056 Quoties
534 3989 586 4044 hoc
597 3989 717 4046 fSeneea
758 3992 919 4064 jampridem
924 3990 1109 4048 vidimusaaut
1119 3999 1192 4040 certe
1200 3985 1258 4057 quia
