2700 4586
6 335 7 356 l

6 507 8 526 l

338 311 390 374 ru
414 311 648 378 numnos
671 317 764 380 nm.
789 319 814 382 1.
1055 351 1095 416 77

58 429 189 490 multum
202 445 270 492 erat
283 433 437 516 supplices
449 437 482 496 in
495 436 571 496 urbe
585 440 736 520 recipere,
751 440 802 500 sed
817 441 915 524 majus
928 444 1030 508 adhuc
1040 463 1099 512 ¹tua

59 519 88 577 in
99 518 207 580 domo.
221 520 329 602 Aliqui
342 520 463 582 duabus
476 523 604 584 vocibus
617 525 698 599 urhe,
713 527 815 602 danao,
828 531 1007 613 intelligunt
1018 551 1048 597 et
1059 541 1099 598 ci·
1123 574 1126 578 ·

58 608 198 682 vitatem,
221 622 252 667 et
272 608 483 685 domicilium
503 631 573 692 quae
592 611 655 672 duo
676 614 759 674 Dido
775 615 915 698 Trojanis
935 619 1098 688 obtulerat.

59 696 175 756 Servius
188 695 337 778 intelligit
347 695 520 779 hospitium
533 697 712 780 publicum,
727 715 757 762 et
767 708 933 784 privatum.
950 711 1003 787 Et,
1022 735 1100 794 quos
1129 763 1131 770 .

61 783 171 843 socias?
186 805 253 860 eos,
268 787 323 866 qui
337 785 418 844 nihil
430 786 487 845 tihi
500 801 631 868 possunt
642 789 830 869 persolvere,
842 807 877 853 ut
889 797 943 876 qui
955 819 973 856 a
987 801 1102 864 Graecis

61 873 144 946 victi3
155 872 229 932 ideo
239 871 374 954 reliquias
383 877 539 948 Danaum5
550 897 613 956 quo
624 875 736 953 verho,
747 879 856 959 ingens
864 885 990 944 exitium
1001 889 1101 949 innui·

6 985 7 1022 t
62 971 117 1018 tur.
139 960 198 1020 Sed
220 981 239 1020 o
262 961 461 1043 prudentiam
483 963 576 1021 vatis!
596 966 736 1026 Danaum
759 965 852 1042 dixit,
870 991 935 1030 non
953 976 1101 1053 lunonis,

62 1069 157 1128 quum
170 1063 291 1130 posset:
307 1052 418 1108 namsi
431 1049 483 1110 hic
495 1051 673 1110 nominaret
683 1051 784 1127 illam,
801 1071 981 1137 suspectum
991 1084 1021 1122 se
1031 1066 1106 1127 red,

6 1217 7 1220 Ἰ
63 1137 146 1198 deret
157 1137 292 1214 Didoni,
308 1160 376 1220 quae
391 1138 472 1200 hanc
486 1141 585 1198 Deam
600 1142 739 1221 impense
751 1141 888 1204 colebat:
904 1154 1102 1228 nequeenim

62 1225 143 1284 Dido
153 1217 256 1286 tutum
269 1227 394 1288 duceret
403 1227 449 1286 illi
460 1249 551 1308 opem
563 1226 657 1310 ferre,
670 1250 763 1310 quem
775 1233 865 1290 sciret
874 1235 994 1296 lunoni
1005 1240 1104 1300 inlen-

62 1333 141 1372 sum.
162 1314 305 1378 admittis
323 1315 363 1374 ad
381 1316 559 1375 societatem
580 1313 732 1376 exhaustos
742 1313 811 1400 jam
827 1321 938 1382 casibus
956 1327 1103 1400 omnihus,-

65 1403 169 1463 nullus
186 1406 303 1486 quippe
322 1419 386 1466 tam
405 1404 540 1464 insolens
559 1425 712 1466 successus
730 1420 832 1487 potest
851 1413 1029 1492 excogitari,
1050 1417 1104 1497 qui

64 1511 119 1550 nos
137 1513 203 1552 non
221 1495 406 1568 exercuerit,
426 1493 523 1554 modo
542 1493 594 1552 ille
613 1508 691 1554 terrra
710 1496 764 1571 sit,
783 1496 879 1558 modo
898 1505 1003 1562 maris:
1023 1519 1104 1564 terra

6 1639 7 1648 ,
65 1581 160 1653 euim,
179 1580 263 1640 hello
282 1595 314 1640 et
333 1580 434 1640 fame:
456 1602 555 1652 mare,
576 1583 728 1642 ventis-et
744 1596 925 1666 tempestate
943 1593 1104 1672 oppressit.

67 1669 119 1728 His
130 1668 212 1730 nihil
225 1670 389 1730 videbatur
401 1671 595 1746 addendum,
614 1670 667 1730 sed
679 1671 749 1731 vide
761 1674 881 1751 αὔξησιν,
898 1681 1029 1739 omnium
1041 1702 1105 1761 ege·

6 1763 7 1772 ’
67 1778 132 1816 nos:
147 1757 231 1817 nihil
243 1757 303 1818 sihi
316 1757 391 1820 facit
402 1759 569 1840 reliquum.
583 1759 660 1834 Quae
672 1760 768 1838 igitur
779 1760 834 1820 lux
846 1763 904 1822 ista
915 1764 1107 1828 liberalitatis

67 1860 133 1922 tuae,
144 1869 163 1906 o
174 1847 276 1908 Dido?
282 1847 439 1930 persolvere
450 1847 500 1908 tibi
509 1861 602 1930 grates
611 1847 715 1930 dignas
725 1870 786 1908 non
795 1855 904 1932 estopis
913 1869 1031 1930 nostroe5
1040 1878 1107 1918 non

68 1938 120 2010 ait,
136 1957 203 1996 non
218 1950 263 1996 est
277 1938 397 2018 ingenii
412 1937 524 2016 nostri,
539 1935 709 2010 facundiae,
725 1938 855 2012 virium,
876 1940 927 2000 sed
939 1945 1015 2022 opis3
1032 1965 1108 2002 nam

6 2063 8 2100 ὲ
68 2021 128 2083 haec
140 2045 202 2084 vox
214 2027 322 2084 omnia
335 2025 483 2100 includit,
497 2039 526 2084 ct
538 2023 888 2086 omniaexhauriuntur
902 2051 964 2089 una
975 2031 1108 2092 Didonis

6 2165 7 2182 ,
67 2110 260 2172 liberalitate.
274 2115 330 2174 His
342 2113 439 2194 adjice
451 2127 568 2187 nasute,
581 2133 750 2187 nonsmeee,
763 2114 815 2174 sed
824 2113 1032 2194 Trojanorum
1042 2141 1108 2178 om-

6 2211 7 2264 3
68 2200 1108 2300 nium,quihicadsunt;sednequehocsatis3namnequelesttotius

68 2291 330 2372 gentisDardanim
338 2290 512 2372 quaemulta
520 2305 575 2366 cst,
583 2303 790 2370 utquccsparsn
797 2311 994 2372 permagnum
1002 2294 1108 2355 orbem.

105 2380 173 2440 603.
193 2380 301 2455 Quum
318 2381 414 2461 igitur
424 2376 582 2458 Trojani,
592 2379 646 2458 qui
659 2375 729 2452 hic,
751 2379 805 2463 qui
822 2378 937 2460 ubique
953 2394 1037 2457 sunt,
1057 2404 1110 2443 ne-

70 2481 183 2546 queant
193 2468 256 2528 ,tibi
268 2482 366 2550 grates
379 2467 560 2550 rependere,
576 2469 628 2527 Dii
644 2465 694 2526 tibi
708 2487 774 2526 non
788 2482 887 2548 grates
901 2469 1017 2547 solum,
1036 2495 1111 2534 nam

69 2553 128 2616 hoc
145 2570 333 2640 estparum,
353 2559 402 2618 sed
415 2561 534 2640 prumia
542 2558 657 2640 serant,
680 2568 710 2615 et
723 2555 788 2617 haec
803 2557 902 2639 digna.
920 2561 1041 2620 Deinde
1056 2583 1112 2644 per

6 2651 7 2682 ³
71 2645 269 2726 parenthesin
282 2648 342 2706 ait:
354 2649 379 2725 si
389 2669 447 2728 qua
459 2648 582 2706 numina
597 2657 753 2726 respectant
763 2647 839 2726 pios,
853 2646 886 2704 id
900 2661 958 2722 est,
970 2650 995 2707 si
1007 2649 1112 2730 aliqua

72 2748 144 2814 sunt
153 2735 296 2810 numina,
307 2755 375 2815 quae
385 2755 442 2814 ego
453 2735 576 2814 ignoro,
587 2731 799 2813 persolvendas
808 2734 918 2812 pietati
926 2734 1036 2809 dicata,
1046 2735 1111 2796 haec

70 2822 177 2884 teillis
187 2821 368 2904 longissime
380 2820 554 2894 cumulent,
574 2840 644 2900 quae
658 2821 692 2878 in
706 2839 763 2878 nos
779 2821 930 2899 congeris.
951 2823 1068 2902 Pergit,
1089 2827 1113 2882 si

6 2911 7 2976 l
71 2909 269 2994 quidjustitiae
285 2925 326 2971 est
341 2933 477 2993 usquam,
497 2908 530 2972 id
547 2922 605 2984 est,
624 2908 701 2966 siin
715 2906 820 2988 aliquo
833 2918 984 2968 terrarum
997 2909 1112 2992 angulo

70 2999 145 3060 latet
151 2998 291 3082 justitia,
305 3002 395 3080 (nam
410 3020 531 3081 usquam
543 2997 648 3058 locum
659 2995 754 3074 dicit)
766 3017 836 3078 quae
845 2997 962 3058 volasse
974 2998 1013 3060 ad
1024 2999 1112 3060 caelcs

6 3109 9 3130 .
73 3086 214 3171 fingitur,
239 3088 294 3170 illa
313 3085 372 3147 tihi
394 3088 567 3168 aequissime
585 3083 744 3166 rependat.
763 3085 912 3162 Demum,
932 3088 956 3145 si
969 3100 1015 3147 est
1035 3108 1114 3146 mern
1138 3133 1139 3136 ,

73 3181 188 3258 conscia
199 3178 254 3238 sibi
266 3181 350 3252 recti,
370 3177 402 3236 id
420 3190 479 3252 cst,
498 3178 523 3236 si
538 3177 607 3257 quis
621 3187 666 3234 cst
679 3175 776 3250 Deus,
794 3189 826 3235 et
843 3195 944 3248 mens,
963 3195 1031 3255 quae
1048 3175 1114 3255 ipsa

74 3267 150 3326 sciat
171 3279 256 3326 actus
275 3264 472 3339 mortalium,
494 3265 659 3346 praesitque
679 3263 852 3344 cognitioni
874 3261 1115 3321 clarissimorum

74 3345 263 3412 facinorum.
286 3355 351 3412 Hac
371 3350 629 3434 reamplilicata,
648 3352 783 3432 erumpit
799 3351 833 3408 in
848 3348 953 3408 laudes
969 3347 1114 3424 Didonis;

6 3507 7 3526 ,
76 3439 190 3522 quibus
205 3439 353 3526 laudibus
368 3439 422 3499 dat
437 3442 633 3522 occasionem
649 3438 823 3518 praecedens
840 3438 950 3514 orati—0.
967 3434 1115 3498 Infelicis·

6 3527 7 3554 ÷
77 3531 155 3590 sima
166 3530 302 3605 dixerat,
316 3530 423 3590 saltem
438 3523 629 3613 indicaverat
643 3540 749 3586 nostra
762 3525 877 3599 secula,
891 3527 924 3584 in
934 3526 1051 3607 quillus
1067 3531 1117 3588 six

76 3633 274 3700 usquamest
287 3618 426 3701 justitia:
446 3621 558 3702 igitur,
576 3638 641 3700 quoe
660 3629 685 3675 te
700 3614 796 3676 secula
814 3612 939 3676 tulerunt
955 3629 1012 3676 tam
1031 3616 1115 3678 treta?

76 3729 151 3768 uam
160 3721 195 3768 tu
205 3709 276 3790 ipsa
288 3711 440 3770 nimirum
449 3709 529 3768 focis
539 3708 610 3768 laeta
622 3703 726 3766 secula
738 3706 803 3764 vita
815 3718 882 3778 tua3
896 3706 1034 3766 moribus
1046 3709 1117 3767 tuis.

112 3857 174 3917 605.
186 3859 283 3928 Quoete
293 3859 579 3916 tnmloeta.ltaAEneid.
625 3859 725 3910 meritis
744 3859 943 3930 comprobatur.
960 3839 1119 3930 Equidem

79 3937 130 3989 Vl:
143 3941 222 3991 «nati
231 3939 387 3992 melioribus
398 3941 483 3992 annis.
493 3963 503 3986 n
513 3940 580 3992 Feli·
625 3951 748 4014 parentes
760 3940 865 4013 ignotos
878 3938 1023 4002 secundum
1036 3949 1118 4004 artem

75 4017 580 4094 citasenimtemporumenascentium
625 4017 852 4072 laudataliberis.
939 4053 942 4057 -
