2700 4586
242 323 315 402 ,130
581 285 963 377 cunnus-mam

173 427 177 436 ¹
241 464 347 529 parva
365 439 421 501 illa
435 457 545 509 manu,
562 445 694 514 stragem
708 433 835 492 edebat:
850 433 883 490 in
899 431 1000 492 verbis
1017 451 1149 494 acumen
1161 437 1285 520 duplex,

251 538 339 594 virtus
353 528 425 590 redit
434 527 527 596 vietis,
541 524 659 582 victores
672 519 798 580 cadunt:
813 517 894 578 nihil
908 521 992 578 enim
1006 523 1106 602 magis
1121 522 1257 584 alienum
1271 544 1286 584 a

252 625 355 696 victis,
371 635 466 699 quam
479 615 592 685 virtus3
607 623 638 670 ct
656 631 674 668 a
688 609 883 683 uictoribus,
896 629 989 690 quem
1005 609 1129 685 cadere3
1149 633 1225 672 nam
1239 615 1285 694 qui
1327 671 1328 706 ,

242 712 285 770 'in
299 709 362 768 acie
373 704 471 778 cadit,
488 722 553 760 non
567 701 684 758 victor:
703 698 819 778 etquis
831 713 896 755 tam
907 698 1038 757 victores
1052 717 1149 779 quam
1160 703 1234 760 victi
1244 721 1285 760 ca·
1327 729 1328 742 κ

251 799 382 870 debant,
400 793 506 864 idest,
526 803 590 848 tam
605 787 704 846 Graeci
718 805 811 866 quam
825 785 967 864 Trojani,
988 785 1059 846 ideo
1074 789 1220 870 sequitur
1230 789 1285 850 ubi-

250 909 305 969 que
318 885 424 956 luctus3
438 880 542 962 ubique
551 898 656 960 pauor3
668 875 772 956 ubique
784 873 911 957 plurima
924 878 1020 957 imupo
1035 881 1143 938 mortis.

292 978 359 1057 370.
377 971 522 1033 Narratio
534 966 629 1045 hujus
645 965 758 1023 excidii
771 963 920 1045 postulat,
934 978 969 1026 ut
982 965 1173 1039 successibus
1185 969 1286 1028 discri-

251 1066 401 1136 minetur3
412 1074 479 1119 tum
490 1056 528 1116 ad
536 1055 731 1126 varietatem,
742 1053 807 1112 sine
815 1073 876 1132 qua
886 1056 988 1114 omnis
996 1057 1133 1116 narratio
1142 1057 1287 1139 insipida;

252 1169 319 1214 tum
332 1153 427 1212 etiam
441 1147 481 1206 ad
494 1142 587 1204 fidem
599 1139 790 1214 faciendam,
802 1161 871 1220 quae
880 1139 1053 1221 plurimum
1062 1143 1179 1224 pendet
1188 1161 1225 1204 e'x
1235 1145 1289 1206 dis·

251 1245 347 1303 tincta
365 1257 470 1299 rerum
484 1232 707 1310 descriptione,
726 1242 757 1288 et
774 1229 983 1310 peculiaribus
1000 1234 1199 1294 successibus.
1219 1237 1287 1295 Inde

250 1329 350 1390 multa
363 1327 451 1386 illata
466 1323 501 1380 in
516 1318 576 1377 hoc
594 1315 692 1390 libro3
706 1330 736 1374 et
750 1319 887 1394 primum
901 1321 1043 1378 omnium
1058 1341 1218 1384 successus
1231 1327 1286 1384 An·

250 1417 372 1498 drogei,
386 1413 441 1494 qui
453 1426 568 1486 magno
578 1403 673 1484 globo
681 1402 819 1462 militum
830 1405 961 1484 stipatus
972 1409 1069 1468 amice
1079 1410 1198 1470 AEnean
1208 1429 1286 1471 corn·

250 1506 346 1588 pellat
368 1500 407 1559 ad
428 1517 495 1557 rem
512 1490 698 1574 gerendam,
720 1504 837 1572 putans-
853 1491 968 1552 scilicet
988 1493 1092 1570 illum,
1114 1510 1145 1556 et
1164 1519 1286 1578 parvam

251 1593 353 1662 illam,
368 1607 437 1671 quae
449 1605 519 1644 curn
533 1581 589 1641 illo
601 1595 679 1655 erut,
694 1599 837 1654 manum,
854 1599 916 1639 esse
927 1581 1057 1642 Gtuecos.

291 1682 358 1761 373.
374 1677 543 1744 Admonet,
564 1681 599 1728 ut
612 1667 777 1727 festinent:
797 1688 872 1726 nam
886 1689 940 1727 cur
955 1670 1018 1728 sint
1031 1691 1154 1751 segnes,
1174 1687 1205 1734 et
1218 1680 1284 1752 seri,

251 1787 351 1850 quum
361 1763 414 1822 alii
422 1759 488 1842 jam
498 1757 623 1838 rapiant
631 1753 740 1828 Ilium,
753 1769 918 1835 secumque
924 1755 1083 1832 auferant,
1094 1762 1186 1841 quasi
1196 1763 1284 1823 dicat:

251 1858 368 1917 crimen
378 1863 438 1923 est,
450 1869 505 1908 vos
514 1865 599 1906 nunc
609 1844 746 1926 primum
757 1845 1046 1922 venireanavibus,
1057 1865 1155 1928 quum
1165 1851 1285 1933 aliijam
1327 1901 1328 1918 ,

251 1943 379 2002 redeant
397 1938 437 1998 ad
451 1933 575 1995 easdem
588 1931 675 2013 pleni
692 1931 809 2012 spoliis.
826 1933 965 1992 Acumen
977 1935 1072 1994 estin
1089 1937 1209 2013 verbis3
1227 1943 1284 2020 pri-

240 2051 339 2090 ·mum
351 2031 395 2087 ire
408 2024 570 2096 dicuntur,
585 2021 640 2100 qui
653 2031 725 2078 sunt
737 2021 897 2100 postremi.
1204 2020 1206 2024 ’
1228 2059 1234 2076 .

290 2120 358 2200 376.
370 2117 430 2176 Vix
442 2113 509 2174 haec
525 2110 617 2184 dixit,
636 2129 733 2189 quum
746 2111 852 2168 statim
864 2111 958 2169 sensit
969 2111 1112 2170 incidisse
1126 2115 1160 2172 in
1172 2113 1284 2192 hostes,

251 2207 326 2288 quia
335 2201 423 2264 ¹ntbrl
437 2199 484 2260 rllr
502 2199 601 2259 locuti
615 2195 654 2255 ad
668 2193 808 2276 gustum,
825 2217 882 2256 nec
897 2199 968 2256 satis
983 2197 1053 2258 fide.
1068 2201 1174 2260 Primo
1186 2204 1285 2286 itaque

251 2293 404 2374 obstupuit,
416 2303 453 2361 ut
461 2283 760 2368 parerathominem
770 2287 815 2344 ita
825 2287 986 2365 insigniter
995 2286 1171 2368 deceptum,
1180 2289 1286 2352 deinde

251 2393 281 2439 et
291 2397 403 2438 vocem
414 2388 446 2434 et
456 2373 734 2454 pedes'continuit3
746 2372 881 2432 vividius
893 2386 985 2455 poeta
996 2377 1132 2453 repressit.

291 2467 359 2548 379.
375 2463 508 2524 Adducit
522 2463 791 2543 comparationem
809 2465 935 2542 negotio
955 2465 1032 2524 mire
1050 2483 1283 2546 congruentem:

217 2563 220 2569 '
251 2555 407 2634 contingit
418 2551 598 2633 saepissime,
613 2551 660 2608 uti
671 2552 772 2612 vietor
786 2564 959 2632 serpentem
974 2567 1067 2630 terat,
1081 2553 1231 2618 latentem
1242 2562 1285 2619 in-

242 2647 297 2704 'ter
309 2644 470 2717 senticeta,
491 2643 617 2722 ignarus
634 2641 764 2717 scilieet3
784 2644 838 2722 qui
856 2655 959 2701 tamen
974 2643 1113 2724 trepidus
1126 2650 1233 2707 statim
1246 2670 1285 2708 re·
1327 2699 1328 2732 ,

251 2733 347 2815 fugit,
358 2733 450 2792 simul
461 2751 497 2791 ac
507 2729 635 2790 coluber
645 2727 735 2790 orbes
745 2729 891 2812 explieat,
902 2746 998 2814 caput
1007 2732 1122 2792 attollit
1132 2736 1284 2810 iracunde,

226 2841 228 2846 ’
242 2819 281 2882 'et
293 2825 392 2883 tumet
402 2819 564 2882 totocollo
577 2841 583 2878 :
597 2840 662 2879 non
677 2821 765 2880 aliter
775 2819 956 2902 Androgeus
965 2821 1080 2902 pedem
1087 2841 1153 2904 prae
1163 2838 1284 2908 stupore

249 2911 366 2972 retulit.
999 2951 1001 2956 π
1110 2975 1112 2979 ,

291 3000 358 3060 383.
369 3001 496 3058 lrruunt
506 3001 611 3057 statim
620 2997 757 3078 Trojani,
768 3019 807 3058 ne
817 3001 924 3075 abiret,
936 3002 990 3082 qui
1000 2999 1284 3084 fugam·coeptabat;

251 3091 346 3148 armis
359 3088 558 3166 opprimunt,
572 3099 602 3146 et
615 3101 757 3146 sternunt
767 3101 832 3147 tam
847 3089 937 3148 illum
952 3111 1047 3170 quam
1059 3091 1181 3150 socios:
1199 3091 1284 3152 cadis

250 3177 348 3237 facile
356 3175 548 3234 succedentis
563 3175 677 3254 duplex
688 3178 784 3252 ratio,
797 3190 884 3238 erant
895 3180 979 3238 enim
991 3192 1022 3240 et
1033 3177 1176 3260 locorum
1190 3181 1284 3260 ignari

252 3280 282 3325 et
296 3265 377 3346 eapti
389 3261 566 3322 formidine.

292 3355 359 3413 386.
376 3349 524 3410 Praeelare
538 3348 603 3409 haec
618 3353 719 3412 oratio
733 3351 824 3414 datur
839 3354 947 3436 juveni
964 3325 1095 3416 Coroebo
1110 3355 1285 3436 juveniliter

251 3535 318 3585 Sane
333 3534 386 3585 hoc
402 3533 516 3586 dolentis
533 3549 590 3602 est,
609 3557 662 3590 non
683 3559 746 3593 nar-
826 3544 885 3614 377.
911 3545 975 3596 Fida
998 3547 1065 3598 sutis.
1091 3547 1162 3598 Bene
1185 3544 1283 3598 addidit

250 3613 341 3663 rantis·
356 3613 425 3664 Serv·
784 3621 853 3695 fida,
861 3625 1050 3678 utostenderet
1062 3625 1225 3697 symbolum,
1234 3639 1282 3694 quo

287 3689 348 3742 368.
364 3690 524 3764 Victoresque
538 3696 635 3750 eadum
649 3697 744 3750 Danai.
790 3702 933 3754 utebantur
943 3705 971 3756 in
982 3703 1053 3756 bello
1063 3725 1069 3754 :
1079 3721 1142 3775 ergo
1157 3722 1212 3754 non
1223 3702 1283 3754 duit

251 3769 416 3823 Generaliter
437 3771 502 3825 di'xit
522 3777 624 3830 victores
633 3817 641 3843 ,
663 3784 700 3832 et'
710 3779 745 3832 ad
782 3777 891 3852 fidelia,
905 3783 953 3836 sed
967 3803 1026 3854 quse
1042 3783 1077 3836 ad
1091 3783 1171 3836 fidem
1187 3783 1282 3836 beben·

251 3851 388 3901 fortunam
401 3853 484 3920 partis
499 3855 603 3922 retulit,
617 3874 673 3928 qnae
685 3861 745 3909 vin·
780 3858 851 3910 dam
858 3861 982 3932 pellicere
990 3881 1044 3914 non
1052 3863 1282 3933 possent.Serv.-

252 3928 345 3995 cebet,
357 3934 524 4000 nequeenim
532 3937 645 3990 victores
656 3939 744 4006 erant,
790 3939 866 3990 Hune
873 3940 962 3992 locum
970 3953 996 3992 et
1003 3943 1159 3993 senteutiam
1168 3941 1280 3992 imitatus

252 4009 303 4078 qui
313 4006 451 4062 cadebant.
464 4011 535 4066 Serv.
791 4029 831 4068 est
840 4016 952 4084 Statius,
963 4017 1093 4072 Thebaid.
1105 4019 1151 4070 lib.
1163 4021 1201 4083 11,
1216 4014 1271 4068 535.
