2670 4596
261 294 298 370 14
584 277 963 343 COMMENTARIA

256 413 374 493 quippe
393 402 468 486 tjax
486 421 591 463 amore
611 403 753 473 insanus,
776 419 810 460 ac
828 413 992 482 propterea
1011 403 1116 463 minus
1138 403 1297 470 debuisset

257 498 358 560 Pallae
372 495 469 577 pungi
481 494 506 570 ε)
524 513 581 571 ego
596 488 667 550 laesa
681 509 697 548 a
713 488 833 564 multis,
851 488 995 549 videlicet
1009 509 1028 549 a
1042 492 1154 552 Paride
1168 495 1202 552 in
1214 495 1296 574 judi·

255 589 319 658 cio,
334 585 372 642 ab
387 583 537 660 Antigone
549 581 580 636 in
594 579 793 636 contentione
805 575 1063 658 pulchritudiuis,
1076 580 1115 638 ab
1127 579 1249 641 Electra
1262 585 1295 642 in

254 671 417 756 pellicatu,
432 666 471 726 ab
485 666 667 746 Ganymede
681 666 714 722 in
729 663 856 745 expulsa
871 661 974 740 Hebe,
994 663 1076 724 nihil
1094 680 1207 728 contra
1224 668 1294 730 illos

280 757 397 819 reficio.

257 783 278 842 P
293 851 342 923 lm.
355 844 439 923 Quid
449 840 613 924 praeterea?
623 843 705 920 Ipsa,
719 839 791 898 vide
801 839 989 920 emphasim,
1001 841 1104 902 Pallae
1107 841 1246 925 jaculata
1257 860 1297 906 est

246 936 386 1019 frtlmen:
401 943 449 990 eat
459 931 541 990 enim
552 928 650 986 dulcis
659 925 796 986 vindicta
806 929 937 1006 quaetita
946 947 1042 987 manu
1052 933 1198 1011 propria:
1212 932 1295 992 unde

252 1039 285 1083 ct
304 1021 364 1082 hnc
382 1037 506 1100 quoquc
521 1015 606 1075 dolet
619 1017 718 1088 June,
738 1013 865 1072 alteriue
884 1014 1018 1090 viribus,
1038 1017 1132 1092 AEoli,
1154 1039 1219 1078 esse
1234 1021 1293 1078 sibi

256 1110 418 1172 utendum.
431 1102 559 1184 effingit
573 1104 657 1162 enim
669 1102 803 1176 Palladi,
819 1123 901 1183 que,
919 1103 1008 1183 juxte
1021 1103 1112 1178 alios,
1126 1107 1176 1168 vel
1189 1109 1206 1165 J
1209 1111 1296 1189 uppi-

253 1216 313 1271 ter,
326 1195 374 1256 vel
387 1197 550 1276 Neptunus
562 1191 649 1264 ferit,
662 1204 785 1272 tantum
798 1192 835 1250 ad
851 1194 913 1249 vim
925 1195 1108 1273 argumenti.
1123 1195 1208 1270 Quid
1223 1217 1294 1256 veru

250 1285 386 1369 jaculata
403 1279 594 1362 estlsulmen
613 1282 707 1353 Jouis,
727 1293 759 1338 et
780 1279 840 1339 hoc
861 1281 1037 1344 anubibus:
1059 1281 1191 1344 advocat
1212 1288 1293 1344 luno

254 1377 361 1436 omniu
374 1369 554 1452 adjumenta
564 1366 604 1426 ad
619 1369 681 1426 iras
696 1389 766 1428 suaa
781 1369 997 1444 concitandas,
1010 1374 1098 1452 quati
1112 1371 1216 1433 dicat:
1232 1395 1294 1434 om-

254 1466 307 1527 nia
321 1463 460 1524 serviunt
473 1455 606 1529 Palladi,
621 1455 740 1516 fulmen
754 1459 855 1533 Jovis,
868 1456 969 1518 nubet
984 1479 1078 1519 mete:
1093 1476 1167 1520 aunt
1180 1465 1295 1544 quippe

254 1552 353 1614 nubes
373 1552 405 1608 in
422 1557 576 1628 potestate
596 1546 612 1603 J
618 1546 750 1605 unonie:
771 1559 803 1605 ct
821 1547 928 1607 eadem
948 1567 1042 1628 opera
1060 1550 1187 1629 attingit
1205 1563 1295 1630 poeta

253 1638 413 1719 physicam
425 1647 567 1698 naturam
578 1630 762 1707 fulminum,
775 1653 843 1713 quae
853 1653 995 1714 expressa
1006 1635 1123 1694 micant
1133 1655 1150 1694 e
1160 1634 1294 1696 nubium

256 1725 427 1787 collisione.
439 1723 597 1782 Procedit:
610 1721 708 1780 Pallae
719 1721 774 1780 illo
785 1722 933 1798 fulmine,
943 1720 1116 1805 Dipecitque
1125 1739 1213 1799 rates,
1223 1745 1296 1784 even

256 1817 343 1895 titque
351 1834 468 1894 <aquom
476 1815 575 1871 uentis.
586 1813 679 1870 Notat
688 1810 835 1890 Scaliger,
849 1811 997 1892 grandius
1007 1812 1069 1872 dici
1079 1816 1191 1888 euertit,
1202 1834 1295 1896 quum

254 1903 420 1975 subvertit,
439 1903 527 1982 qnasi
540 1919 625 1958 mare
639 1906 723 1958 extra
739 1899 861 1960 alveum
878 1919 971 1962 tuum
985 1902 1126 1975 verterit3
1145 1915 1177 1960 et
1188 1902 1294 1960 Corra·

255 1991 327 2061 dus,
341 1993 489 2071 signatius
502 1989 562 2048 dici
575 2009 705 2070 equora,
717 2009 809 2069 quam
821 2009 920 2064 mare,
933 2006 964 2050 et
975 1990 1118 2071 pelagus,
1131 2003 1168 2048 ut
1180 1989 1295 2049 indicet

255 2099 342 2160 aequa
354 2081 440 2159 prius
450 2076 560 2150 fuisse,
574 2075 761 2157 tranquille,
771 2092 802 2135 et
812 2079 892 2138 lenia
905 2079 1018 2152 mariam
1029 2097 1099 2157 quaa
1109 2075 1225 2142 deinde
1235 2078 1295 2158 agi·

255 2181 332 2242 tata,
349 2165 485 2239 turbata,
498 2185 602 2224 everte
611 2167 720 2226 ventis.
731 2167 839 2224 Posuit
851 2167 970 2224 malum
981 2167 1013 2224 in
1025 2167 1199 2224 communi.
1212 2163 1294 2242 Quid

254 2256 380 2318 tandem
394 2255 432 2314 de
450 2254 558 2334 Ajace?
578 2253 669 2314 Illum
686 2257 878 2334 exspirantem
883 2255 1025 2344 stammas
1038 2269 1069 2314 ct
1082 2253 1221 2334 namflxe
1234 2274 1294 2336 pec·

256 2357 328 2415 ture,
344 2363 414 2423 qum
429 2363 477 2402 rea
494 2344 651 2402 debuisset
665 2344 762 2402 Deam
781 2342 821 2400 ad
835 2342 996 2404 lenitatem
1010 2341 1178 2416 adducere,
1192 2354 1293 2400 tamen

255 2435 393 2514 corripuit
407 2431 517 2491 turbine
533 2445 563 2490 et
580 2431 678 2510 infixit
687 2444 772 2490 acuto
786 2431 912 2512 scopulo.
928 2433 1004 2508 Quae
1017 2430 1082 2491 haec
1097 2429 1294 2489 carnificina?

290 2557 332 2623 da.
350 2557 418 2627 Ipsa.
436 2559 505 2610 Bene
518 2559 571 2628 ipsa
579 2579 588 2618 ;
604 2576 664 2608 narn
677 2557 751 2628 Jupi-
795 2559 872 2632 puit:
885 2559 1021 2629 quartum,
1034 2556 1199 2629 Scopuloque
1213 2552 1294 2627 infixit

254 2649 294 2691 ter
307 2637 345 2688 illi
357 2637 469 2707 praebuit
484 2637 535 2689 tela
551 2637 600 2688 sihi
612 2635 751 2708 cyclopum
796 2648 880 2688 acuto.
897 2637 967 2689 Serv.
981 2667 1016 2679 -
1025 2637 1175 2708 Evettitque
1193 2652 1292 2706 (equora

254 2717 375 2768 manibus
389 2717 533 2779 tauricana,
548 2731 577 2767 ut
594 2717 648 2787 ipsa
664 2727 751 2766 utere·
796 2717 884 2768 venu't.
906 2715 1001 2768 Alieno
1022 2705 1071 2768 hta
1096 2727 1136 2768 eat
1159 2715 1291 2785 imperio:

254 2809 296 2847 tur
309 2796 350 2847 his
368 2799 448 2870 armis
464 2809 557 2852 eontra
574 2796 693 2850 Gratoute
712 2807 752 2847 ta·
796 2795 1046 2848 namsovistuinan
1055 2796 1177 2864 arripuit,
1188 2807 1216 2846 et
1225 2795 1292 2864 Nep·

254 2894 314 2928 men
322 2887 378 2926 erat
387 2875 626 2944 Palladipeculiere
634 2875 750 2940 falmana
795 2875 853 2926 tuni
871 2877 1011 2946 imperium
1024 2895 1030 2925 t
1045 2874 1142 2928 hahuit
1157 2876 1230 2930 enim
1248 2891 1292 2943 po·

254 2954 301 3004 aed
313 2966 571 3019 neccommittam
584 2956 752 3010 munnio·
795 2967 917 3012 teum
925 2957 952 3008 in
961 2967 1068 3020 ventui,
1077 2956 1123 3024 qui
1134 2953 1225 3008 alieno
1235 2953 1292 3008 aub-

254 3035 293 3084 via
313 3033 432 3102 jaculata
453 3047 505 3095 cett
529 3033 603 3103 quod
625 3035 750 3088 atrocius·
793 3038 857 3107 jacti
870 3049 932 3091 sunt
942 3038 1063 3107 imperio.
1076 3037 1175 3092 Donat.

255 3112 321 3166 Vide
332 3132 414 3184 supra
422 3114 475 3164 vul.
486 3115 522 3179 ll,
535 3133 596 3185 pag.
609 3114 640 3182 67
651 3153 658 3173 ,
674 3127 750 3166 uotae
831 3117 874 3183 44.
882 3115 964 3169 Illum
973 3117 1140 3188 expirantem.
1154 3115 1205 3172 llla
1215 3133 1292 3186 prop·

256 3191 366 3263 lleynii3
386 3205 411 3244 et
426 3210 453 3261 p.
472 3209 532 3260 172,
545 3191 687 3242 Excursum
702 3193 749 3243 1'‘.
796 3209 836 3247 ter
846 3215 943 3260 unum,
956 3196 1083 3267 plurimos
1098 3193 1218 3264 perdidit
1231 3217 1236 3244 :
1247 3211 1291 3264 ego

290 3271 333 3337 43.
346 3271 509 3342 Disjceitpae.
526 3269 641 3336 Quidam
657 3271 751 3322 volunt
796 3273 941 3344 aplmimia
952 3275 1070 3336 olianta,
1083 3289 1166 3324 mium
1178 3273 1292 3324 abitalia

255 3351 395 3404 fulminum
418 3369 515 3423 genera
542 3367 658 3422 quatuor
682 3369 748 3408 usse.
796 3369 886 3406 arcera
902 3371 956 3404 nen
973 3371 1100 3424 postuma
1116 3365 1142 3403 et
1159 3352 1235 3424 qued
1252 3371 1292 3404 an·

258 3433 346 3484 Unum
372 3433 444 3501 quod
460 3431 571 3483 *dicitur
597 3429 751 3500 dejicient,
796 3445 839 3504 get
852 3432 987 3493 dolorem,
1001 3431 1117 3483 ostendit
1129 3425 1291 3496 Minervam,

258 3512 382 3580 idemque
388 3514 537 3582 fragosam
548 3512 660 3568 alteram
667 3525 753 3570 trent·
796 3515 925 3584 minut-em
938 3513 1031 3577 deum,
1048 3515 1123 3563 tons
1134 3512 1292 3565 fulminanti

255 3591 355 3663 ligem
372 3594 475 3642 tertium
493 3586 655 3662 certipiena3
673 3608 754 3662 quar·
797 3595 932 3663 potuisset
942 3605 968 3644 et
977 3595 1005 3643 in
1015 3610 1095 3662 poeua
1103 3591 1198 3644 delicti
1209 3593 1293 3644 deien-

257 3665 313 3721 tum
327 3669 437 3746 infigent
449 3692 454 3720 ι
468 3689 533 3738 quas
546 3667 637 3723 omnes
649 3675 750 3743 aperiet
797 3671 836 3722 dit
852 3684 996 3724 auctorem.
1014 3672 1039 3722 si
1053 3687 1116 3742 ergo
1136 3671 1183 3726 ille
1201 3674 1292 3741 injuste

257 3769 331 3801 mure
340 3764 386 3803 suu
396 3752 422 3800 in
430 3753 507 3802 uniua
517 3751 628 3822 fulguris
637 3751 752 3822 deeutip·
796 3752 978 3826 gravissimum
989 3749 1099 3820 pettulit
1117 3751 1292 3820 supplicium,

256 3833 329 3882 tione
342 3831 440 3900 attigit,
453 3830 542 3884 dicens
553 3833 680 3900 primum,
693 3831 752 3882 ma
795 3831 878 3881 multu
895 3831 980 3902 megia
997 3833 1054 3901 ejuq
1072 3829 1159 3880 socii:
1176 3829 1293 3882 defendit

248 3909 752 3982 jecitquerutes:secuudumdllumex·
796 3909 994 3980 autemculpam
1003 3911 1029 3960 in
1039 3912 1292 3980 amoremrejiciens,
1318 3967 1319 3970 Ἴ

254 3990 536 4058 pirantemztertium,
550 3987 660 4041 Turbine
675 3991 751 4042 cani-
795 4001 822 4042 et
844 3992 927 4042 utitur
949 3989 1046 4042 veniali
1067 4001 1160 4052 statu;
1188 3991 1293 4043 Factum
1318 3989 1319 3992 ’
