2670 4596
248 323 288 387 23
573 317 954 384 COMMENTARIA

289 442 353 518 148.
366 443 442 502 Rem
453 439 593 522 exemplo
605 441 722 521 aperit:
735 441 895 498 continent
903 438 937 498 bi
948 453 1011 500 tres
1019 453 1123 500 versus
1133 441 1283 502 excellew

246 546 310 592 tem
325 531 534 614 hypotyposin
549 529 711 590 seditionis
726 531 899 588 concitatae.
918 530 1001 589 Solet
1018 545 1099 612 saepe
1114 551 1233 613 magne
1251 535 1283 590 iu
1327 579 1328 610 3

245 619 365 700 populo
377 621 486 679 seditio
499 617 584 698 vulgi
595 619 738 690 existere3
752 638 815 697 qua
828 619 861 674 in
872 617 1023 676 seditione
1035 621 1175 699 primum
1188 621 1283 678 animi

246 705 413 782 dissident,
431 707 544 767 deinde
562 705 601 766 ad
617 727 703 765 arma
716 706 925 786 promititur,
944 719 979 764 ut
996 708 1109 786 cuique
1125 706 1180 766 illa
1199 707 1283 766 furor

246 795 410 854 ministrat.
420 793 568 875 Expende
578 794 695 866 omnia,
705 813 769 850 non
780 805 815 850 ut
824 806 992 864 merentur,
1001 791 1054 851 sed
1063 807 1095 852 ut
1102 813 1281 874 possumus:

246 881 361 964 vulqus,
382 883 456 964 quid
473 905 536 944 ιιοιι
554 882 614 942 hoc
631 880 744 941 faciat?
761 879 840 940 adde
856 879 1078 962 ι’φιιοὸἱϋιαιειιι,
1101 903 1172 964 quae
1187 903 1283 964 quum

246 992 312 1031 non
326 975 435 1033 timeat
447 972 576 1033 honoris
591 971 758 1052 jacturam,
780 991 916 1051 proeceps
930 969 1037 1029 fertur.
1058 974 1188 1031 Animus
1202 970 1284 1030 furo·
1327 1025 1328 1028 ,

244 1081 312 1120 rem
325 1061 415 1133 dicit,
433 1077 463 1122 et
476 1063 659 1142 imperium:
679 1059 730 1120 hic
744 1063 768 1119 si
784 1081 855 1119 cum
871 1063 980 1120 sevitia
996 1062 1052 1134 sit,
1070 1062 1147 1141 quid
1164 1081 1284 1142 speran·
1327 1119 1328 1128 ,

246 1149 322 1209 ιΙιιιιι
334 1150 426 1210 boni?
444 1153 538 1231 igitur
551 1148 655 1231 vulqus
667 1148 808 1230 ipnobile,
819 1149 1018 1234 effitenatum,
1033 1153 1164 1223 saeuiors,
1183 1169 1284 1209 neces·
1327 1157 1328 1204 ἒ

246 1239 329 1298 sario
347 1238 595 1320 praecipitabitur
613 1240 647 1295 in
664 1239 806 1316 quamvis
821 1238 1001 1296 amentiam.
1021 1239 1100 1314 Quae
1110 1259 1186 1298 vero
1201 1257 1283 1296 arma

245 1323 348 1405 vulgi?
360 1347 423 1385 non
439 1325 551 1398 hastae,
570 1345 635 1383 non
647 1322 762 1404 gladii:
783 1323 837 1383 sed
849 1326 943 1403 faces,
957 1339 989 1383 et
999 1345 1086 1397 sata,
1098 1337 1134 1384 ut
1147 1339 1197 1384 est
1210 1345 1284 1383 con·
1327 1329 1328 1340 ¹

246 1414 377 1474 suetudo
395 1413 624 1474 multitudinis:
644 1435 714 1496 quae
731 1435 817 1474 arma
834 1433 897 1472 non
915 1416 996 1473 ratio
1008 1413 1109 1487 dedit,
1131 1413 1186 1474 sed
1201 1413 1284 1472 furor

246 1502 379 1562 subitus.
400 1501 542 1562 Videas
534 1517 639 1583 itaque
660 1501 815 1622 populum
833 1506 1052 1582 ωριὸιλιζισθιιι,
1073 1503 1149 1582 quia
1167 1503 1283 1561 eminus

246 1589 355 1649 volant
370 1611 465 1649 arma.

290 1679 430 1737 151.1n
422 1698 489 1759 ipsa
504 1679 681 1760 incipientis
697 1679 812 1738 furoris
829 1681 966 1738 amentia
980 1677 1090 1758 objicit
1104 1679 1201 1759 vulgo
1217 1699 1283 1738 eon·
1327 1709 1328 1720 ι

248 1763 440 1845 spiciendum,
453 1768 547 1824 virum
558 1788 674 1847 prooem
686 1770 807 1840 meritis,
819 1781 848 1827 et
856 1769 978 1848 pietate:
990 1761 1147 1827 habet'res
1159 1781 1285 1847 utraque

247 1853 312 1910 vim
327 1855 493 1912 maximam
506 1855 546 1914 ad
560 1852 726 1914 hominum
738 1857 859 1914 animus
871 1854 1052 1914 flectendos.
1065 1855 1144 1913 Nam
1155 1854 1210 1913 ubi
1221 1856 1285 1936 quis
1327 1903 1328 1906 ,

246 1941 317 2020 pius
332 1953 393 2014 est,
414 1955 446 2000 et
458 1939 639 2021 religiosus,
658 1956 806 2023 praeterea
823 1961 954 2022 insignis
968 1961 1090 2022 magnis
1104 1945 1239 2016 merrus
1258 1953 1286 2000 et

248 2027 405 2088 beneficus
418 2051 490 2110 erga
501 2030 683 2112 populares
697 2031 773 2112 quid
788 2052 852 2092 non
865 2031 904 2090 ab
920 2029 983 2090 illis
997 2032 1196 2111 assequeturl
1207 2030 1328 2108 Quid
1327 2019 1328 2092 8

248 2137 322 2176 vero
338 2117 549 2198 populares
520 2140 586 2177 vrso
603 2118 742 2179 hocviro
747 2118 882 2179 isilent:
901 2119 1031 2178 verbum
1045 2117 1084 2178 ad
1102 2139 1168 2178 rem
1179 2120 1328 2200 quaesi-
1327 2111 1328 2156 l

249 2218 332 2279 tum,
355 2219 390 2264 ut
411 2206 522 2266 melius
543 2207 674 2286 quadret
695 2193 948 2288 comparationi:
972 2227 1048 2266 nam
1068 2227 1170 2281 mare,
1192 2208 1286 2278 venti,
1327 2159 1328 2376 8

247 2292 392 2385 procellae
406 2292 552 2353 dicuntur
564 2293 669 2368 silere,
691 2314 789 2373 quum
803 2309 877 2353 sunt
891 2291 1079 2374 tranquilla:
1100 2313 1205 2396 neque
1219 2313 1286 2352 vero

248 2371 408 2472 utcunque
424 2381 531 2457 silent,
550 2381 602 2442 sed
616 2382 734 2442 adstant
743 2396 858 2442 arrectis
870 2381 1007 2442 auribus:
1029 2395 1097 2440 tum
1107 2401 1159 2440 vu·
1172 2381 1237 2455 tlte
1256 2339 1328 2439 utl

249 2466 388 2528 silentem
399 2461 486 2529 videt
496 2470 667 2551 populum
678 2484 709 2529 et
718 2484 872 2530 attentum
878 2473 1097 2551 repetammos
1106 2469 1205 2544 deas
1219 2467 1288 2528 mul·
1327 2455 1328 2554 8

248 2570 295 2617 eet
308 2571 443 2638 pectora.
463 2562 537 2640 quia
557 2559 718 2632 videlicet,
737 2574 784 2620 est
801 2559 867 2620 haec
885 2559 1021 2640 perlecta
1041 2518 1242 2640 eloquentia,
1259 2569 1328 2616 et

248 2661 385 2721 mentem
395 2649 583 2722 rationibus,
595 2663 624 2708 et
636 2647 830 2708 voluntatem
842 2647 1005 2707 affectibus
1016 2661 1209 2722 commovet,
1220 2643 1328 2705 ideo

247 2738 333 2817 repit,
347 2737 432 2818 quod
442 2740 576 2819 pertinet
586 2737 624 2796 ad
636 2736 845 2810 intellectum3
859 2751 890 2796 et
900 2734 1021 2808 mulcet3
1035 2735 1122 2816 quod
1132 2735 1173 2794 ad
1183 2735 1289 2795 volun·
1327 2747 1328 2786 ι

248 2838 354 2886 tatem.
376 2827 456 2888 Volo
473 2829 569 2890 etiam
583 2827 759 2888 consideres
775 2829 914 2886 inversu
929 2825 1002 2901 illo,
1023 2827 1098 2886 Tum
1111 2826 1218 2906 pietate
1228 2846 1328 2906 qra-

288 2991 345 3057 148
355 2993 409 3058 Ae,
423 2994 609 3069 velutimaqno
624 2999 651 3048 in
660 3017 747 3070 popu-
832 2959 889 3051 tbi
900 2999 1018 3050 Grauem.
1029 2995 1234 3054 Venerabilem:
1244 3014 1290 3046 un·

250 3069 284 3122 lo,
296 3071 421 3146 trgrlrus
431 3077 581 3144 tempestati
589 3077 683 3146 populi
691 3097 748 3128 mo
793 3077 827 3130 de
846 3092 873 3130 et
891 3076 1124 3148 contemptibiles,
1144 3075 1211 3128 leva
1228 3074 1290 3126 dici·
1327 3071 1328 3162 8

248 3163 305 3204 ιιιιιι
329 3166 492 3224 comparat:
516 3151 618 3222 Tullius
646 3156 748 3226 populo
794 3177 865 3210 mus.
874 3159 915 3211 vel
914 3159 1019 3236 pretate
1025 3176 1145 3230 pravam
1156 3173 1232 3225 cujus
1242 3153 1290 3204 rllrs
1327 3153 1328 3220 8

249 3241 445 3302 tempestatem,
458 3252 507 3304 pro
517 3234 660 3286 Milone
650 3235 750 3308 quui-
794 3239 939 3290 auctoritas
954 3235 988 3286 ob
999 3239 1126 3306 pietatem
1141 3247 1184 3286 est
1197 3234 1289 3306 gravis.
1327 3239 1328 3340 8

250 3311 310 3364 dem
324 3325 431 3366 ceteras
451 3327 631 3388 tempestates
640 3329 666 3368 et
686 3335 750 3388 pro·
793 3317 831 3368 Ex
848 3316 1006 3384 Quintiliani
1027 3317 1160 3366 sententia
1180 3315 1244 3380 xit,
1264 3329 1292 3372 1,
1284 3305 1328 3392 ,8

249 3392 358 3444 cellas
351 3414 378 3445 tn
399 3395 452 3448 illis
476 3389 604 3449 duntaxat
624 3395 747 3449 fluetibus
794 3409 926 3448 oratorem
943 3406 1049 3466 oportet
1068 3413 1125 3446 esse
1142 3395 1230 3444 virum
1245 3391 1292 3441 bo·

249 3472 419 3523 concionum.
430 3498 440 3521 ι
450 3477 490 3527 lta
500 3488 526 3528 et
536 3477 664 3527 Homerus
677 3475 749 3528 sedi·
792 3493 869 3539 num,
882 3475 988 3526 dicendi
999 3474 1131 3545 peritum:
1143 3473 1231 3544 qualis
1243 3471 1291 3520 fuit

249 3551 524 3652 tionitampestatem·
518 3555 677 3610 „witae”
661 3555 757 3625 ι’γιριὶ,Ι
791 3553 930 3606 Menenius
942 3555 1079 3626 Agrippa,
1087 3556 1164 3623 cujus
1177 3550 1292 3605 facunda

248 3649 280 3685 ms
300 3626 398 3694 ιιιὲμιιιιι
415 3630 498 3702 ‘rupti
515 3631 665 3698 bosane.
686 3634 757 3686 ideo
794 3647 880 3686 oratio
892 3632 986 3684 efficax
997 3647 1061 3685 setas
1072 3635 1125 3683 furt
1138 3632 1291 3684 adconcor-

254 3719 343 3760 autem
364 3711 463 3782 Meque
479 3712 598 3778 addidit,
621 3716 686 3785 quia
703 3713 751 3766 ubi
797 3712 880 3764 diam
889 3714 1009 3764 Emmen.
1112 3709 1135 3756 ι’
1327 3711 1328 3776 8

249 3787 380 3856 frequens
396 3801 435 3840 est
450 3791 583 3861 populus,
598 3792 637 3843 ibi
653 3805 679 3844 et
695 3811 753 3844 ere-
835 3791 895 3844 152
904 3791 1186 3882 Atrectisqueaurt'bus.
1200 3792 1293 3841 Trans·

249 3865 301 3918 bra
320 3866 436 3919 seditio:
455 3881 485 3920 ut
501 3870 610 3941 quidam
624 3871 761 3943 populum
797 3871 862 3922 latio
875 3889 901 3922 a
905 3872 984 3921 mutis
1002 3868 1182 3933 animalibus,
1200 3867 1294 3939 quibus

253 3955 339 3996 totam
349 3946 610 4024 o1vrtotem,vulqum
621 3969 685 4002 sero
697 3951 754 4022 ple·
791 3955 876 4001 aures
894 3949 1014 4000 nrobiles
1027 3949 1293 4000 sustenementum

250 4024 315 4076 bem
328 4025 469 4096 significari
481 4041 585 4100 putant
597 4030 666 4082 Serv
800 4047 907 4095 omnes,
924 4031 1030 4081 Poetam
1051 4027 1215 4099 capiendum
1238 4043 1295 4079 eum
