2670 4596
279 377 284 386 Δ
334 305 385 369 nr
408 306 642 374 nnaruos
664 311 756 374 aru.
782 314 807 374 1.
1063 339 1084 403 9

54 423 122 487 dum
134 428 255 511 inficeret
266 430 350 493 Latio
360 431 449 506 Reos,
468 428 500 487 id
514 442 572 503 est,
589 433 708 510 patrios
723 445 753 491 et
763 431 914 514 Trojanos
926 457 933 492 ι
946 436 1038 510 narde,
1051 435 1083 494 id

53 528 104 590 est,
122 536 139 574 a
156 537 221 596 quo
232 518 326 574 AEnea
340 515 467 575 ductum
481 539 569 598 penus
583 521 741 578 Latinum:
763 521 824 579 orti
839 537 912 580 sunt
924 535 1031 603 patres,
1051 522 1084 580 id

53 615 105 676 est,
116 605 231 684 Reges,
243 603 356 663 Albani
366 628 375 660 .·
387 604 510 664 tandem
523 608 690 666 constituta
704 620 777 667 sunt
789 612 890 669 Romoe
903 613 1018 668 moenia.
1066 643 1068 648 ·

87 691 112 749 8.
124 691 271 772 Sequitur
284 693 457 766 invocatio,
476 713 570 772 quam
583 708 732 774 separata
745 698 973 777 propositione,
993 709 1085 776 atque

54 775 146 838 AEneae
159 780 370 838 constantiam
383 782 522 860 attingit,
542 794 572 840 et
586 784 645 841 iras
659 785 801 843 lunonis.
823 783 879 844 Sed
895 805 950 844 cur
963 786 1084 843 Musam

56 866 187 926 invocat?
205 869 280 947 quia
301 869 398 926 nescit
412 868 479 948 ipse
493 889 612 944 causas,
631 890 686 930 cur
699 872 776 929 irata
789 873 806 930 J
809 893 872 931 uno
887 873 930 930 ita
944 873 1085 953 pertinax

56 955 83 1012 in
96 956 220 1016 AEneam
232 957 347 1016 fuerit:
368 959 436 1038 quis
454 959 537 1017 enim
548 958 652 1017 credat
664 973 750 1018 tanto
763 959 870 1020 dolore
880 963 1018 1020 Deorum
1029 961 1086 1018 Re·

57 1042 152 1120 ginam
164 1046 334 1124 percitam,-
346 1058 379 1104 ιιι
389 1043 536 1125 impulerit
548 1044 627 1104 adire
642 1059 683 1105 tot
694 1045 815 1120 labores,
832 1061 873 1108 tot
884 1069 965 1108 casus
975 1045 1085 1106 volvere

55 1132 141 1190 vinam
155 1135 260 1214 pietate
271 1134 433 1214 insiqttem?
452 1154 510 1194 cur
527 1155 601 1215 ergo
618 1137 652 1194 in
668 1147 755 1194 tanta
769 1136 948 1195 innocentia
961 1149 1023 1194 tam
1042 1136 1086 1192 in·

56 1216 146 1276 fanda
155 1219 288 1300 patitur?
297 1223 346 1280 cui
356 1221 508 1281 favebunt
516 1224 636 1304 superi,
647 1224 671 1281 si
682 1224 792 1304 pietati
807 1243 871 1282 non
881 1223 1004 1282 favent?
1014 1221 1086 1280 inde

56 1320 125 1364 nata
135 1308 299 1368 admiratio
310 1309 362 1368 illa
374 1313 540 1390 conjuncta
554 1331 626 1369 cum
638 1311 876 1385 exclamatione,
889 1323 1011 1370 tantone
1021 1312 1087 1368 oni·

57 1395 105 1451 mis
116 1393 270 1456 coekstibns
282 1399 350 1456 iroe!
367 1419 463 1479 quam
472 1401 530 1480 qui
542 1401 615 1458 satis
627 1400 728 1479 capit,
750 1411 852 1457 vatem
864 1398 967 1478 ipsum
982 1415 1085 1455 cense-

57 1480 100 1542 bit
110 1504 172 1545 esse
187 1507 359 1547 summum.

93 1593 133 1632 ια.
146 1577 313 1635 Praemissa
325 1577 538 1657 propositione
551 1579 809 1650 etinvocatione,
821 1576 941 1655 estjam
954 1577 987 1632 in
998 1574 1084 1633 aditu

58 1673 137 1741 atque
148 1665 181 1722 in
194 1663 354 1724 vestibulo
366 1667 565 1724 narrationis.
582 1664 742 1747 Carthapo,
758 1666 874 1745 inquit,
893 1662 1086 1745 urbsfiritan-

57 1751 144 1829 tique:
160 1771 200 1811 en
214 1765 298 1812 tecta
311 1767 342 1812 et
355 1755 516 1834 ingeniosa
529 1752 687 1813 adulatio:
701 1755 725 1812 si
730 1753 807 1835 fnit,
822 1772 887 1811 non
898 1749 963 1831 jam
978 1761 1036 1824 est,
1052 1761 1087 1807 ut

83 1939 105 1991 6.
113 1942 276 2015 Insereretque
285 1945 358 1996 Deos.
367 1945 543 2010 Penatea,vel
587 1961 701 2014 namque
711 1942 864 1994 hocmelins
872 1939 1025 2007 est-Quo
1037 1953 1086 1985 rru-

53 2037 119 2072 suam
128 2024 286 2092 genituram.
298 2054 331 2063 —
341 2025 424 2075 Latio.
435 2027 492 2076 lloe
504 2037 544 2076 est
588 2023 665 2073 mine.
678 2021 742 2073 ldeo
755 2020 870 2073 trahitur
883 2022 911 2072 in
925 2017 1085 2084 ambiguita-

54 2099 76 2148 in
94 2101 215 2152 haum:
236 2116 262 2154 et
284 2115 323 2154 est
344 2103 429 2175 figura
447 2107 544 2156 usitata
587 2115 656 2166 tem,
676 2115 702 2153 et
721 2103 832 2171 requirit
851 2103 879 2152 in
901 2117 953 2170 quo
972 2095 1084 2148 lunonis

10 2221 12 2226 .
54 2179 118 2247 apud
137 2181 288 2252 Virgilium.
310 2183 380 2234 Serv.
401 2213 434 2222 -
461 2183 542 2234 Unde.
586 2179 757 2231 numenlaesit
766 2179 949 2248 AEneas,quia
958 2177 986 2226 in
996 2176 1083 2244 ipsum

52 2256 167 2330 Disputat
181 2260 304 2326 Servius,
322 2279 375 2332 quo
391 2264 484 2318 referri
499 2263 543 2315 de·
588 2271 661 2312 certa
672 2278 726 2310 non
740 2271 814 2311 erant
829 2258 906 2324 odia,
921 2255 967 2312 sed
981 2257 1008 2306 in
1022 2272 1084 2326 gen-

52 2335 108 2388 beat
121 2336 149 2390 ed
167 2340 262 2392 Unde:
279 2361 313 2392 an
325 2341 360 2393 ad
371 2343 490 2406 Latium,
509 2362 543 2394 an
587 2350 656 2405 tem,
668 2351 779 2409 pr⁰pt0s
792 2331 915 2402 caussas,
929 2333 1010 2406 P³Ul⁰
1023 2346 1084 2403 P⁰St

53 2417 82 2467 ad
94 2418 219 2483 Euam,
238 2423 284 2490 qui
298 2421 402 2474 Latinos
416 2421 541 2494 populos,
587 2417 722 2470 dicendas.
738 2417 791 2468 Alii
806 2437 902 2468 numen
921 2415 1084 2467 voluntatem

52 2509 76 2545 ut
93 2499 178 2568 inquit
195 2500 331 2564 Justinus,
350 2501 472 2553 condidit.
491 2501 542 2553 Sed
587 2501 730 2569 accipiunt.
742 2500 811 2551 Serv.
824 2497 891 2550 Vide
904 2515 1001 2567 supra,
1018 2507 1082 2544 tom·

52 2575 178 2628 Nascinrb.
194 2578 230 2629 ad
241 2591 382 2650 utrumque
397 2583 434 2633 ait
448 2582 541 2633 referri
585 2577 622 2640 ll,
632 2597 693 2648 pag·
708 2595 774 2647 17⁰,
786 2573 990 2646 Excursum1†;
1004 2585 1085 2625 ⁰1⁰⁰·

53 2673 124 2723 posse
133 2680 139 2706 :
149 2676 231 2727 quum
242 2661 269 2709 in
281 2661 356 2710 Latio
365 2661 466 2712 conditi
475 2663 542 2726 sint,
587 2671 627 2712 tas
639 2680 701 2732 paq.
714 2662 758 2713 61.

53 2746 76 2782 et
97 2739 244 2806 nuncupati
267 2739 371 2802 Latini,
398 2741 444 2809 qui
468 2741 543 2810 prius
626 2757 664 2790 rr.
691 2743 815 2792 Tantaene
835 2740 928 2790 animis
950 2736 1086 2788 celestibus

53 2813 196 2888 Aborigines
207 2815 280 2867 dicti.
588 2820 639 2870 irre.
653 2822 702 2875 Hic
714 2822 769 2888 jam
782 2837 835 2869 non
848 2818 881 2869 de
894 2815 1021 2886 qualitate
1033 2816 1086 2865 ira·

82 2911 104 2962 7.
118 2895 266 2968 Albanique
279 2908 370 2967 patres.
387 2897 484 2950 Albam
505 2898 540 2950 ab
588 2896 690 2950 cundiaa
704 2894 868 2968 quarit,sed
879 2893 913 2947 de
923 2894 1082 2965 quantitate:
1156 2923 1158 2929 ι

52 2973 159 3025 Ascanio
186 2974 320 3027 conditam
345 2988 471 3028 constat:
495 2975 543 3028 sed
587 2977 670 3028 nimia
681 2978 777 3028 etenim
788 2977 828 3028 ira
838 2987 894 3039 est,
908 2991 965 3044 quar
977 2973 1083 3043 pietatis

53 3069 130 3122 aquo
145 3056 292 3120 incertum,
310 3063 399 3107 utrum
412 3075 428 3108 a
439 3055 542 3108 Creusae
586 3055 728 3108 nonhabet
737 3052 1083 3110 considerationem:etlroc

52 3149 81 3182 an
92 3135 205 3186 Larinise
217 3135 272 3186 filio
283 3157 290 3187 ε
303 3135 336 3188 de
349 3155 402 3210 qua
414 3155 442 3188 re
454 3137 542 3189 Livius
587 3135 695 3205 quidem
713 3134 858 3188 secundum
879 3133 983 3186 Stoicos
1003 3132 1083 3193 dieit;

52 3210 158 3268 dubitat.
167 3214 276 3266 -Altoe
285 3217 481 3269 moeniallomae.
490 3216 544 3268 Aut
588 3213 635 3268 sed
644 3217 754 3268 miratur
764 3233 811 3266 eur
821 3223 939 3264 unum.-
952 3228 1014 3262 nam
1023 3211 1086 3278 Epi-

51 3307 155 3364 propter
165 3295 292 3367 gloriam
307 3309 353 3346 aut
364 3308 475 3366 propter
484 3295 545 3348 redi·
588 3295 659 3346 curei
672 3293 765 3346 dicum
777 3293 841 3346 deos
850 3291 968 3343 humana
979 3289 1084 3358 penitus

53 3369 107 3425 licia
121 3375 314 3445 ingentia3aut
332 3377 395 3446 quia
408 3377 544 3426 inmonti·
587 3373 836 3426 nassouwe-Serv.
887 3383 890 3391 ‘

51 3449 97 3502 bus
108 3453 241 3506 collocata
255 3465 301 3506 est.
312 3454 382 3506 Serv.
625 3469 665 3502 12.
680 3453 749 3502 Urbs.
762 3450 833 3502 Urbs
848 3446 945 3498 dicitur
957 3444 990 3498 ab
1003 3446 1083 3498 orbe:

83 3532 106 3582 8.
118 3533 213 3596 Musa,
232 3532 300 3583 milri
315 3551 403 3586 causas
420 3551 541 3586 menaea.
588 3529 661 3600 quod
679 3533 794 3599 antique
811 3526 929 3578 civitates
946 3525 973 3576 in
992 3525 1085 3578 orbem

50 3607 114 3662 Sane
123 3612 150 3661 in
161 3624 214 3663 tres
227 3623 317 3682 partes
326 3613 412 3664 Poetae
422 3611 543 3664 dividunt
587 3610 687 3664 fiebant
696 3629 702 3658 ι
712 3608 755 3660 vel
765 3607 799 3658 ab
809 3606 891 3671 urbo,
902 3617 978 3676 parte
990 3607 1084 3668 aratri,

48 3705 151 3741 carmen
167 3708 262 3755 snum,
280 3703 449 3760 proponunt,
469 3693 542 3742 invo-
588 3709 640 3762 quo
653 3690 722 3740 muri
732 3685 941 3758 designabantur
952 3707 958 3736 :
969 3685 1086 3758 Antiqua

48 3781 124 3840 cant,
139 3782 259 3822 narrant.
277 3769 434 3842 Plerumque
453 3783 542 3823 tamen
588 3783 686 3832 autem,
695 3779 720 3820 et
727 3767 797 3830 Fuit,
806 3765 874 3818 bene
882 3764 1085 3834 dixittnatnque

47 3845 113 3898 duas
126 3851 297 3913 retinniunt,
310 3852 542 3923 etipsampropo·
589 3862 614 3902 et
634 3860 694 3900 ante
713 3847 782 3897 LXX
800 3864 883 3898 ³¹²11⁰³
900 3844 975 3896 urbis
995 3846 1084 3898 3⁰¹1]ae

47 3927 167 3978 sirionem
175 3930 289 3980 miscent
294 3929 465 3996 invocationi,
471 3931 543 4000 qnod
589 3926 695 3980 condita
706 3938 762 3978 erat
772 3947 777 3976 :
787 3937 813 3977 et
821 3944 878 3976 eam
888 3923 1023 3978 deleverat
1032 3923 1087 3976 Sci·

48 4007 74 4058 in
92 4019 205 4079 utroque
219 4027 302 4080 opere
316 4010 445 4064 Homerus
463 4010 543 4075 fecit3
588 4010 634 4081 pio
644 4005 807 4062 AEnrilianus.
820 4007 888 4060 Serv.
939 4057 941 4063 .
