<?xml version="1.0" encoding="UTF-8"?>
<!DOCTYPE html PUBLIC "-//W3C//DTD XHTML 1.0 Transitional//EN"
    "http://www.w3.org/TR/xhtml1/DTD/xhtml1-transitional.dtd">
<html xmlns="http://www.w3.org/1999/xhtml" xml:lang="en" lang="en">
 <head>
  <title>
</title>
<meta http-equiv="Content-Type" content="text/html;charset=utf-8" />
  <meta name='ocr-system' content='tesseract 3.04.00' />
  <meta name='ocr-capabilities' content='ocr_page ocr_carea ocr_par ocr_line ocrx_word'/>
</head>
<body>
  <div class='ocr_page' id='page_1' title='image "./pvirgiliusmaroq02barbgoog_0197.png"; bbox 0 0 2692 4594; ppageno 0'>
   <div class='ocr_carea' id='block_1_1' title="bbox 358 246 1148 381">
    <p class='ocr_par' dir='ltr' id='par_1_1' title="bbox 358 246 1148 381">
     <span class='ocr_line' id='line_1_1' title="bbox 358 246 1148 381; baseline 0.006 -30"><span class='ocrx_word' id='word_1_1' title='bbox 358 285 410 352; x_wconf 85' lang='lat' dir='ltr'>ru</span> <span class='ocrx_word' id='word_1_2' title='bbox 432 246 670 352; x_wconf 69' lang='lat' dir='ltr'>austros</span> <span class='ocrx_word' id='word_1_3' title='bbox 692 286 786 368; x_wconf 77' lang='lat' dir='ltr'>mr.</span> <span class='ocrx_word' id='word_1_4' title='bbox 812 287 860 381; x_wconf 82' lang='lat'>11.</span> <span class='ocrx_word' id='word_1_5' title='bbox 1067 272 1148 359; x_wconf 73' lang='lat'>151‘</span> 
     </span>
    </p>
   </div>
   <div class='ocr_carea' id='block_1_2' title="bbox 83 403 1201 3150">
    <p class='ocr_par' dir='ltr' id='par_1_2' title="bbox 84 403 1127 580">
     <span class='ocr_line' id='line_1_2' title="bbox 124 403 1127 492; baseline 0 -18"><span class='ocrx_word' id='word_1_6' title='bbox 124 409 194 474; x_wconf 86' lang='grc'><strong>655.</strong></span> <span class='ocrx_word' id='word_1_7' title='bbox 209 409 324 472; x_wconf 90' lang='lat' dir='ltr'>Ortum</span> <span class='ocrx_word' id='word_1_8' title='bbox 336 409 506 470; x_wconf 87' lang='lat' dir='ltr'>eonsilium</span> <span class='ocrx_word' id='word_1_9' title='bbox 521 429 538 470; x_wconf 88' lang='lat' dir='ltr'>a</span> <span class='ocrx_word' id='word_1_10' title='bbox 552 411 648 492; x_wconf 88' lang='lat' dir='ltr'>patris</span> <span class='ocrx_word' id='word_1_11' title='bbox 659 403 843 492; x_wconf 80' lang='lat' dir='ltr'>pertinacia3</span> <span class='ocrx_word' id='word_1_12' title='bbox 864 427 936 468; x_wconf 90' lang='lat' dir='ltr'>nam</span> <span class='ocrx_word' id='word_1_13' title='bbox 952 412 1028 492; x_wconf 89' lang='lat' dir='ltr'>quid</span> <span class='ocrx_word' id='word_1_14' title='bbox 1041 413 1127 476; x_wconf 89' lang='lat' dir='ltr'>aliud</span> 
     </span>
     <span class='ocr_line' id='line_1_3' title="bbox 84 493 1017 580; baseline -0.002 -22"><span class='ocrx_word' id='word_1_15' title='bbox 84 493 200 560; x_wconf 76' lang='lat' dir='ltr'>faceret</span> <span class='ocrx_word' id='word_1_16' title='bbox 211 501 259 560; x_wconf 87' lang='lat' dir='ltr'>vir</span> <span class='ocrx_word' id='word_1_17' title='bbox 269 498 496 560; x_wconf 76' lang='lat' dir='ltr'>fortislomnia</span> <span class='ocrx_word' id='word_1_18' title='bbox 508 504 647 562; x_wconf 80' lang='grc' dir='ltr'><strong>παθητικά.</strong></span> <span class='ocrx_word' id='word_1_19' title='bbox 1014 573 1017 580; x_wconf 24' lang='grc' dir='ltr'>ι</span> 
     </span>
    </p>

    <p class='ocr_par' dir='ltr' id='par_1_3' title="bbox 83 585 1201 1638">
     <span class='ocr_line' id='line_1_4' title="bbox 123 585 1136 673; baseline 0.003 -24"><span class='ocrx_word' id='word_1_20' title='bbox 123 589 194 672; x_wconf 82' lang='lat'><strong>657.</strong></span> <span class='ocrx_word' id='word_1_21' title='bbox 207 589 365 650; x_wconf 82' lang='lat' dir='ltr'>Sententia</span> <span class='ocrx_word' id='word_1_22' title='bbox 376 601 437 648; x_wconf 90' lang='lat' dir='ltr'>est:</span> <span class='ocrx_word' id='word_1_23' title='bbox 452 589 597 670; x_wconf 82' lang='lat' dir='ltr'>sperasti,</span> <span class='ocrx_word' id='word_1_24' title='bbox 610 601 646 646; x_wconf 91' lang='lat' dir='ltr'>ut</span> <span class='ocrx_word' id='word_1_25' title='bbox 658 607 715 668; x_wconf 77' lang='lat' dir='ltr'>ego</span> <span class='ocrx_word' id='word_1_26' title='bbox 724 585 817 668; x_wconf 78' lang='lat' dir='ltr'>&#39;l&#39;roja</span> <span class='ocrx_word' id='word_1_27' title='bbox 827 585 961 665; x_wconf 87' lang='lat' dir='ltr'>abirem,</span> <span class='ocrx_word' id='word_1_28' title='bbox 972 609 1085 673; x_wconf 89' lang='lat' dir='ltr'>meque</span> <span class='ocrx_word' id='word_1_29' title='bbox 1095 593 1136 652; x_wconf 84' lang='lat' dir='ltr'>in·</span> 
     </span>
     <span class='ocr_line' id='line_1_5' title="bbox 84 675 1130 756; baseline 0.006 -20"><span class='ocrx_word' id='word_1_30' title='bbox 84 689 152 736; x_wconf 91' lang='lat' dir='ltr'>tuto</span> <span class='ocrx_word' id='word_1_31' title='bbox 167 675 307 738; x_wconf 83' lang='lat' dir='ltr'>locarem</span> <span class='ocrx_word' id='word_1_32' title='bbox 319 679 384 738; x_wconf 88' lang='lat' dir='ltr'>sine</span> <span class='ocrx_word' id='word_1_33' title='bbox 398 675 446 737; x_wconf 82' lang='lat' dir='ltr'>te?</span> <span class='ocrx_word' id='word_1_34' title='bbox 467 675 578 737; x_wconf 78' lang='lat' dir='ltr'>alludit</span> <span class='ocrx_word' id='word_1_35' title='bbox 589 675 734 737; x_wconf 89' lang='lat' dir='ltr'>videlicet</span> <span class='ocrx_word' id='word_1_36' title='bbox 747 678 787 737; x_wconf 88' lang='lat' dir='ltr'>ad</span> <span class='ocrx_word' id='word_1_37' title='bbox 802 675 878 735; x_wconf 92' lang='lat' dir='ltr'>illud</span> <span class='ocrx_word' id='word_1_38' title='bbox 895 675 1050 756; x_wconf 82' lang='lat' dir='ltr'>Anchisae,</span> <span class='ocrx_word' id='word_1_39' title='bbox 1070 684 1130 746; x_wconf 86' lang='lat' dir='ltr'>Vos</span> 
     </span>
     <span class='ocr_line' id='line_1_6' title="bbox 84 763 1129 851; baseline 0.007 -27"><span class='ocrx_word' id='word_1_40' title='bbox 84 766 325 848; x_wconf 77' lang='lat' dir='ltr'>aqitatesisqam:</span> <span class='ocrx_word' id='word_1_41' title='bbox 340 769 444 848; x_wconf 80' lang='lat' dir='ltr'>itaque</span> <span class='ocrx_word' id='word_1_42' title='bbox 456 787 521 826; x_wconf 91' lang='lat' dir='ltr'>non</span> <span class='ocrx_word' id='word_1_43' title='bbox 535 763 628 840; x_wconf 89' lang='lat' dir='ltr'>dicit,</span> <span class='ocrx_word' id='word_1_44' title='bbox 643 767 773 848; x_wconf 81' lang='lat' dir='ltr'>sperasti</span> <span class='ocrx_word' id='word_1_45' title='bbox 788 786 837 824; x_wconf 91' lang='lat' dir='ltr'>me</span> <span class='ocrx_word' id='word_1_46' title='bbox 850 786 940 846; x_wconf 90' lang='lat' dir='ltr'>posse</span> <span class='ocrx_word' id='word_1_47' title='bbox 954 765 1064 830; x_wconf 83' lang='lat' dir='ltr'>efferre</span> <span class='ocrx_word' id='word_1_48' title='bbox 1075 791 1129 851; x_wconf 91' lang='lat' dir='ltr'>pe·</span> 
     </span>
     <span class='ocr_line' id='line_1_7' title="bbox 84 851 1129 936; baseline 0.004 -24"><span class='ocrx_word' id='word_1_49' title='bbox 84 852 154 912; x_wconf 90' lang='lat' dir='ltr'>dem</span> <span class='ocrx_word' id='word_1_50' title='bbox 174 853 288 930; x_wconf 89' lang='lat' dir='ltr'>domo,</span> <span class='ocrx_word' id='word_1_51' title='bbox 308 853 362 914; x_wconf 90' lang='lat' dir='ltr'>sed</span> <span class='ocrx_word' id='word_1_52' title='bbox 380 852 490 936; x_wconf 86' lang='lat' dir='ltr'>Troja:</span> <span class='ocrx_word' id='word_1_53' title='bbox 513 874 587 912; x_wconf 89' lang='lat' dir='ltr'>nam</span> <span class='ocrx_word' id='word_1_54' title='bbox 606 867 714 936; x_wconf 87' lang='lat' dir='ltr'>postea</span> <span class='ocrx_word' id='word_1_55' title='bbox 734 855 799 936; x_wconf 88' lang='lat' dir='ltr'>ipse</span> <span class='ocrx_word' id='word_1_56' title='bbox 821 851 916 913; x_wconf 90' lang='lat' dir='ltr'>domo</span> <span class='ocrx_word' id='word_1_57' title='bbox 937 856 1047 932; x_wconf 85' lang='lat' dir='ltr'>exiret,</span> <span class='ocrx_word' id='word_1_58' title='bbox 1067 858 1129 916; x_wconf 93' lang='lat' dir='ltr'>nisi</span> 
     </span>
     <span class='ocr_line' id='line_1_8' title="bbox 83 939 1198 1023; baseline 0.005 -25"><span class='ocrx_word' id='word_1_59' title='bbox 83 939 290 1022; x_wconf 81' lang='lat' dir='ltr'><strong>impediretur</strong></span> <span class='ocrx_word' id='word_1_60' title='bbox 303 963 321 1001; x_wconf 86' lang='lat' dir='ltr'>a</span> <span class='ocrx_word' id='word_1_61' title='bbox 332 941 484 1023; x_wconf 75' lang='lat' dir='ltr'>conjuge:</span> <span class='ocrx_word' id='word_1_62' title='bbox 499 954 529 1002; x_wconf 90' lang='lat' dir='ltr'>et</span> <span class='ocrx_word' id='word_1_63' title='bbox 540 955 615 1001; x_wconf 87' lang='lat' dir='ltr'>nota</span> <span class='ocrx_word' id='word_1_64' title='bbox 627 939 720 1000; x_wconf 86' lang='lat' dir='ltr'>verba</span> <span class='ocrx_word' id='word_1_65' title='bbox 733 964 740 999; x_wconf 76' lang='grc' dir='ltr'><strong>ι</strong></span> <span class='ocrx_word' id='word_1_66' title='bbox 753 939 903 1000; x_wconf 83' lang='lat' dir='ltr'>Anchises</span> <span class='ocrx_word' id='word_1_67' title='bbox 907 941 1018 1023; x_wconf 72' lang='lat' dir='ltr'>sapam</span> <span class='ocrx_word' id='word_1_68' title='bbox 1029 947 1131 1004; x_wconf 91' lang='lat' dir='ltr'>nomi·</span> <span class='ocrx_word' id='word_1_69' title='bbox 1197 981 1198 984; x_wconf 61' lang='lat'><em>=</em></span> 
     </span>
     <span class='ocr_line' id='line_1_9' title="bbox 83 1027 1130 1112; baseline 0.005 -26"><span class='ocrx_word' id='word_1_70' title='bbox 83 1041 232 1088; x_wconf 81' lang='lat' dir='ltr'>neverat:</span> <span class='ocrx_word' id='word_1_71' title='bbox 250 1031 294 1088; x_wconf 87' lang='lat' dir='ltr'>ait</span> <span class='ocrx_word' id='word_1_72' title='bbox 310 1031 433 1107; x_wconf 87' lang='lat' dir='ltr'>AEneas,</span> <span class='ocrx_word' id='word_1_73' title='bbox 451 1031 506 1112; x_wconf 90' lang='lat' dir='ltr'>qui</span> <span class='ocrx_word' id='word_1_74' title='bbox 518 1028 654 1110; x_wconf 77' lang='lat' dir='ltr'>fugiam,</span> <span class='ocrx_word' id='word_1_75' title='bbox 671 1029 724 1110; x_wconf 89' lang='lat' dir='ltr'>qui</span> <span class='ocrx_word' id='word_1_76' title='bbox 739 1037 778 1086; x_wconf 88' lang='lat' dir='ltr'>ne</span> <span class='ocrx_word' id='word_1_77' title='bbox 792 1027 903 1108; x_wconf 87' lang='lat' dir='ltr'>pedem</span> <span class='ocrx_word' id='word_1_78' title='bbox 914 1028 1040 1108; x_wconf 90' lang='lat' dir='ltr'>quidem</span> <span class='ocrx_word' id='word_1_79' title='bbox 1055 1030 1130 1092; x_wconf 82' lang='lat' dir='ltr'>effe·</span> 
     </span>
     <span class='ocr_line' id='line_1_10' title="bbox 83 1115 1156 1202; baseline 0.006 -26"><span class='ocrx_word' id='word_1_80' title='bbox 83 1137 166 1191; x_wconf 89' lang='lat' dir='ltr'>ram;</span> <span class='ocrx_word' id='word_1_81' title='bbox 181 1120 373 1200; x_wconf 86' lang='lat' dir='ltr'><strong>pronomina</strong></span> <span class='ocrx_word' id='word_1_82' title='bbox 385 1141 431 1180; x_wconf 87' lang='lat' dir='ltr'>me</span> <span class='ocrx_word' id='word_1_83' title='bbox 442 1133 472 1179; x_wconf 89' lang='lat' dir='ltr'>et</span> <span class='ocrx_word' id='word_1_84' title='bbox 487 1133 527 1193; x_wconf 86' lang='lat' dir='ltr'>te,</span> <span class='ocrx_word' id='word_1_85' title='bbox 542 1117 707 1199; x_wconf 83' lang='lat' dir='ltr'>emphasin</span> <span class='ocrx_word' id='word_1_86' title='bbox 722 1115 842 1176; x_wconf 88' lang='lat' dir='ltr'>hahent</span> <span class='ocrx_word' id='word_1_87' title='bbox 853 1135 1008 1196; x_wconf 79' lang='lat' dir='ltr'>magnam.</span> <span class='ocrx_word' id='word_1_88' title='bbox 1029 1120 1132 1202; x_wconf 81' lang='lat' dir='ltr'><strong>Pergit</strong></span> <span class='ocrx_word' id='word_1_89' title='bbox 1154 1147 1156 1154; x_wconf 62' lang='lat'><strong><em>¹</em></strong></span> 
     </span>
     <span class='ocr_line' id='line_1_11' title="bbox 83 1203 1129 1290; baseline 0.007 -27"><span class='ocrx_word' id='word_1_90' title='bbox 83 1203 182 1264; x_wconf 89' lang='lat' dir='ltr'>libere</span> <span class='ocrx_word' id='word_1_91' title='bbox 197 1208 321 1282; x_wconf 85' lang='lat' dir='ltr'>AEneas,</span> <span class='ocrx_word' id='word_1_92' title='bbox 343 1211 525 1290; x_wconf 81' lang='lat' dir='ltr'><strong><em>Tantumque</em></strong></span> <span class='ocrx_word' id='word_1_93' title='bbox 541 1207 623 1290; x_wconf 83' lang='lat' dir='ltr'>nefus</span> <span class='ocrx_word' id='word_1_94' title='bbox 635 1207 730 1288; x_wconf 82' lang='lat' dir='ltr'>patrio</span> <span class='ocrx_word' id='word_1_95' title='bbox 746 1203 853 1264; x_wconf 75' lang='lat' dir='ltr'><em>excidit</em></span> <span class='ocrx_word' id='word_1_96' title='bbox 865 1211 934 1264; x_wconf 70' lang='lat' dir='ltr'>ore?</span> <span class='ocrx_word' id='word_1_97' title='bbox 951 1205 1058 1267; x_wconf 83' lang='lat' dir='ltr'><strong>Perdit</strong></span> <span class='ocrx_word' id='word_1_98' title='bbox 1073 1231 1129 1270; x_wconf 91' lang='lat' dir='ltr'>suo</span> 
     </span>
     <span class='ocr_line' id='line_1_12' title="bbox 84 1293 1201 1373; baseline 0.006 -21"><span class='ocrx_word' id='word_1_99' title='bbox 84 1293 379 1357; x_wconf 83' lang='lat' dir='ltr'>consilio&#39;Anchises</span> <span class='ocrx_word' id='word_1_100' title='bbox 393 1297 536 1367; x_wconf 83' lang='lat' dir='ltr'>AEneam,</span> <span class='ocrx_word' id='word_1_101' title='bbox 547 1307 710 1373; x_wconf 83' lang='lat' dir='ltr'>nepotem,</span> <span class='ocrx_word' id='word_1_102' title='bbox 725 1314 856 1369; x_wconf 88' lang='lat' dir='ltr'>nurum,</span> <span class='ocrx_word' id='word_1_103' title='bbox 871 1307 971 1352; x_wconf 85' lang='lat' dir='ltr'>totam</span> <span class='ocrx_word' id='word_1_104' title='bbox 985 1295 1129 1373; x_wconf 89' lang='lat' dir='ltr'>domum;</span> <span class='ocrx_word' id='word_1_105' title='bbox 1192 1337 1201 1350; x_wconf 58' lang='grc' dir='ltr'><strong><em>ι</em></strong></span> 
     </span>
     <span class='ocr_line' id='line_1_13' title="bbox 85 1377 1131 1462; baseline 0.007 -24"><span class='ocrx_word' id='word_1_106' title='bbox 85 1377 158 1439; x_wconf 89' lang='lat' dir='ltr'>inde</span> <span class='ocrx_word' id='word_1_107' title='bbox 178 1377 246 1440; x_wconf 89' lang='lat' dir='ltr'>filio</span> <span class='ocrx_word' id='word_1_108' title='bbox 265 1380 392 1440; x_wconf 89' lang='lat' dir='ltr'>licentia</span> <span class='ocrx_word' id='word_1_109' title='bbox 410 1377 594 1462; x_wconf 87' lang='lat' dir='ltr'>increpandi</span> <span class='ocrx_word' id='word_1_110' title='bbox 612 1377 709 1439; x_wconf 89' lang='lat' dir='ltr'>libere</span> <span class='ocrx_word' id='word_1_111' title='bbox 728 1381 839 1461; x_wconf 89' lang='lat' dir='ltr'>patris,</span> <span class='ocrx_word' id='word_1_112' title='bbox 858 1393 888 1439; x_wconf 91' lang='lat' dir='ltr'>et</span> <span class='ocrx_word' id='word_1_113' title='bbox 906 1379 1021 1442; x_wconf 85' lang='lat' dir='ltr'>dixisse</span> <span class='ocrx_word' id='word_1_114' title='bbox 1040 1384 1131 1446; x_wconf 93' lang='lat' dir='ltr'>illum</span> 
     </span>
     <span class='ocr_line' id='line_1_14' title="bbox 84 1466 1129 1552; baseline 0.008 -26"><span class='ocrx_word' id='word_1_115' title='bbox 84 1467 168 1549; x_wconf 79' lang='lat' dir='ltr'>nefas</span> <span class='ocrx_word' id='word_1_116' title='bbox 176 1466 308 1528; x_wconf 90' lang='lat' dir='ltr'>clamat:</span> <span class='ocrx_word' id='word_1_117' title='bbox 321 1467 373 1530; x_wconf 90' lang='lat' dir='ltr'>sed</span> <span class='ocrx_word' id='word_1_118' title='bbox 384 1489 447 1528; x_wconf 85' lang='lat' dir='ltr'>una</span> <span class='ocrx_word' id='word_1_119' title='bbox 458 1481 503 1528; x_wconf 89' lang='lat' dir='ltr'>est</span> <span class='ocrx_word' id='word_1_120' title='bbox 512 1469 670 1528; x_wconf 82' lang='lat' dir='ltr'>excusatio</span> <span class='ocrx_word' id='word_1_121' title='bbox 680 1470 713 1526; x_wconf 92' lang='lat' dir='ltr'>in</span> <span class='ocrx_word' id='word_1_122' title='bbox 723 1489 801 1528; x_wconf 90' lang='lat' dir='ltr'>voce</span> <span class='ocrx_word' id='word_1_123' title='bbox 810 1467 929 1544; x_wconf 81' lang='lat' dir='ltr'>excidit,</span> <span class='ocrx_word' id='word_1_124' title='bbox 945 1474 1035 1552; x_wconf 82' lang='lat' dir='ltr'>quasi</span> <span class='ocrx_word' id='word_1_125' title='bbox 1044 1473 1129 1534; x_wconf 88' lang='lat' dir='ltr'>nefas</span> 
     </span>
     <span class='ocr_line' id='line_1_15' title="bbox 85 1553 772 1638; baseline 0.006 -26"><span class='ocrx_word' id='word_1_126' title='bbox 85 1553 165 1614; x_wconf 88' lang='lat' dir='ltr'>illud</span> <span class='ocrx_word' id='word_1_127' title='bbox 180 1556 390 1636; x_wconf 79' lang='lat' dir='ltr'>incogitanter</span> <span class='ocrx_word' id='word_1_128' title='bbox 404 1557 657 1638; x_wconf 84' lang='lat' dir='ltr'>pronuntiaverit</span> <span class='ocrx_word' id='word_1_129' title='bbox 671 1575 772 1616; x_wconf 86' lang='lat' dir='ltr'>senex.</span> 
     </span>
    </p>

    <p class='ocr_par' dir='ltr' id='par_1_4' title="bbox 84 1643 1197 2702">
     <span class='ocr_line' id='line_1_16' title="bbox 122 1643 1130 1728; baseline 0.008 -25"><span class='ocrx_word' id='word_1_130' title='bbox 122 1643 193 1724; x_wconf 85' lang='lat'>659.</span> <span class='ocrx_word' id='word_1_131' title='bbox 212 1646 330 1706; x_wconf 87' lang='lat' dir='ltr'>Evertit</span> <span class='ocrx_word' id='word_1_132' title='bbox 343 1647 453 1706; x_wconf 84' lang='lat' dir='ltr'>AEneas</span> <span class='ocrx_word' id='word_1_133' title='bbox 465 1648 564 1728; x_wconf 90' lang='lat' dir='ltr'>patris</span> <span class='ocrx_word' id='word_1_134' title='bbox 576 1647 865 1720; x_wconf 87' lang='lat' dir='ltr'>ratiocinationem;</span> <span class='ocrx_word' id='word_1_135' title='bbox 886 1643 1005 1706; x_wconf 81' lang='lat' dir='ltr'>dixerat</span> <span class='ocrx_word' id='word_1_136' title='bbox 1018 1647 1086 1724; x_wconf 90' lang='lat' dir='ltr'>ille,</span> <span class='ocrx_word' id='word_1_137' title='bbox 1105 1655 1130 1711; x_wconf 90' lang='lat' dir='ltr'>si</span> 
     </span>
     <span class='ocr_line' id='line_1_17' title="bbox 84 1731 1138 1810; baseline 0.009 -20"><span class='ocrx_word' id='word_1_138' title='bbox 84 1731 136 1791; x_wconf 86' lang='lat' dir='ltr'>Dii</span> <span class='ocrx_word' id='word_1_139' title='bbox 148 1732 323 1794; x_wconf 89' lang='lat' dir='ltr'>voluissent</span> <span class='ocrx_word' id='word_1_140' title='bbox 334 1755 385 1795; x_wconf 88' lang='lat' dir='ltr'>me</span> <span class='ocrx_word' id='word_1_141' title='bbox 395 1737 515 1810; x_wconf 83' lang='lat' dir='ltr'>vivere,</span> <span class='ocrx_word' id='word_1_142' title='bbox 533 1747 705 1794; x_wconf 86' lang='lat' dir='ltr'>servassent</span> <span class='ocrx_word' id='word_1_143' title='bbox 719 1733 798 1792; x_wconf 85' lang='lat' dir='ltr'>milri</span> <span class='ocrx_word' id='word_1_144' title='bbox 813 1732 870 1793; x_wconf 92' lang='lat' dir='ltr'>has</span> <span class='ocrx_word' id='word_1_145' title='bbox 886 1733 986 1808; x_wconf 82' lang='lat' dir='ltr'>sedes3</span> <span class='ocrx_word' id='word_1_146' title='bbox 1003 1749 1034 1796; x_wconf 84' lang='lat' dir='ltr'>at</span> <span class='ocrx_word' id='word_1_147' title='bbox 1049 1737 1138 1799; x_wconf 74' lang='lat' dir='ltr'>ever-¹</span> 
     </span>
     <span class='ocr_line' id='line_1_18' title="bbox 85 1821 1132 1906; baseline 0.007 -27"><span class='ocrx_word' id='word_1_148' title='bbox 85 1833 191 1883; x_wconf 88' lang='lat' dir='ltr'>terunt</span> <span class='ocrx_word' id='word_1_149' title='bbox 202 1825 352 1906; x_wconf 89' lang='lat' dir='ltr'>patriam,</span> <span class='ocrx_word' id='word_1_150' title='bbox 365 1821 421 1884; x_wconf 91' lang='lat' dir='ltr'>ubi</span> <span class='ocrx_word' id='word_1_151' title='bbox 434 1821 523 1884; x_wconf 86' lang='lat' dir='ltr'>sedes</span> <span class='ocrx_word' id='word_1_152' title='bbox 536 1843 623 1883; x_wconf 87' lang='lat' dir='ltr'>meae.</span> <span class='ocrx_word' id='word_1_153' title='bbox 638 1823 818 1905; x_wconf 88' lang='lat' dir='ltr'>Respondet</span> <span class='ocrx_word' id='word_1_154' title='bbox 830 1823 951 1897; x_wconf 86' lang='lat' dir='ltr'>AEneas,</span> <span class='ocrx_word' id='word_1_155' title='bbox 965 1834 995 1883; x_wconf 91' lang='lat' dir='ltr'>et</span> <span class='ocrx_word' id='word_1_156' title='bbox 1006 1824 1132 1887; x_wconf 89' lang='lat' dir='ltr'>conclu·</span> 
     </span>
     <span class='ocr_line' id='line_1_19' title="bbox 86 1908 1131 1994; baseline 0.008 -27"><span class='ocrx_word' id='word_1_157' title='bbox 86 1908 149 1969; x_wconf 87' lang='lat' dir='ltr'>dit:</span> <span class='ocrx_word' id='word_1_158' title='bbox 169 1912 195 1971; x_wconf 95' lang='lat' dir='ltr'>si</span> <span class='ocrx_word' id='word_1_159' title='bbox 213 1933 301 1971; x_wconf 91' lang='lat' dir='ltr'>mens</span> <span class='ocrx_word' id='word_1_160' title='bbox 318 1925 365 1972; x_wconf 88' lang='lat' dir='ltr'>est</span> <span class='ocrx_word' id='word_1_161' title='bbox 379 1913 533 1988; x_wconf 83' lang='lat' dir='ltr'>Deorum,</span> <span class='ocrx_word' id='word_1_162' title='bbox 550 1925 585 1971; x_wconf 88' lang='lat' dir='ltr'>ut</span> <span class='ocrx_word' id='word_1_163' title='bbox 598 1925 633 1972; x_wconf 92' lang='lat' dir='ltr'>tu</span> <span class='ocrx_word' id='word_1_164' title='bbox 645 1913 706 1987; x_wconf 86' lang='lat' dir='ltr'>ais,</span> <span class='ocrx_word' id='word_1_165' title='bbox 722 1925 758 1971; x_wconf 91' lang='lat' dir='ltr'>ut</span> <span class='ocrx_word' id='word_1_166' title='bbox 772 1931 867 1972; x_wconf 79' lang='lat' dir='ltr'>nemo.</span> <span class='ocrx_word' id='word_1_167' title='bbox 878 1913 1010 1992; x_wconf 88' lang='lat' dir='ltr'>supersit</span> <span class='ocrx_word' id='word_1_168' title='bbox 1022 1916 1131 1994; x_wconf 84' lang='lat' dir='ltr'>patriae</span> 
     </span>
     <span class='ocr_line' id='line_1_20' title="bbox 86 1995 1153 2081; baseline 0.007 -27"><span class='ocrx_word' id='word_1_169' title='bbox 86 2014 214 2074; x_wconf 76' lang='lat' dir='ltr'>avesate,</span> <span class='ocrx_word' id='word_1_170' title='bbox 231 2012 262 2058; x_wconf 90' lang='lat' dir='ltr'>et</span> <span class='ocrx_word' id='word_1_171' title='bbox 276 1995 308 2058; x_wconf 91' lang='lat' dir='ltr'>id</span> <span class='ocrx_word' id='word_1_172' title='bbox 326 1999 383 2059; x_wconf 89' lang='lat' dir='ltr'>tibi</span> <span class='ocrx_word' id='word_1_173' title='bbox 400 2019 526 2081; x_wconf 91' lang='lat' dir='ltr'>quoque</span> <span class='ocrx_word' id='word_1_174' title='bbox 539 1999 691 2058; x_wconf 89' lang='lat' dir='ltr'>inanimo</span> <span class='ocrx_word' id='word_1_175' title='bbox 704 1997 804 2072; x_wconf 89' lang='lat' dir='ltr'>sedet,</span> <span class='ocrx_word' id='word_1_176' title='bbox 820 2017 854 2057; x_wconf 87' lang='lat' dir='ltr'>ac</span> <span class='ocrx_word' id='word_1_177' title='bbox 870 1997 1003 2080; x_wconf 89' lang='lat' dir='ltr'>proinde</span> <span class='ocrx_word' id='word_1_178' title='bbox 1015 2000 1061 2058; x_wconf 86' lang='lat' dir='ltr'>vis</span> <span class='ocrx_word' id='word_1_179' title='bbox 1075 2022 1132 2061; x_wconf 90' lang='lat' dir='ltr'>nos</span> <span class='ocrx_word' id='word_1_180' title='bbox 1150 2071 1153 2075; x_wconf 42' lang='grc'>,</span> 
     </span>
     <span class='ocr_line' id='line_1_21' title="bbox 85 2081 1130 2169; baseline 0.006 -27"><span class='ocrx_word' id='word_1_181' title='bbox 85 2102 196 2145; x_wconf 89' lang='lat' dir='ltr'>omnes</span> <span class='ocrx_word' id='word_1_182' title='bbox 203 2084 317 2149; x_wconf 90' lang='lat' dir='ltr'>addere</span> <span class='ocrx_word' id='word_1_183' title='bbox 326 2086 365 2148; x_wconf 91' lang='lat' dir='ltr'>ad</span> <span class='ocrx_word' id='word_1_184' title='bbox 372 2086 540 2169; x_wconf 83' lang='lat' dir='ltr'>Trojanam</span> <span class='ocrx_word' id='word_1_185' title='bbox 548 2086 684 2162; x_wconf 89' lang='lat' dir='ltr'>cladem,</span> <span class='ocrx_word' id='word_1_186' title='bbox 690 2085 829 2169; x_wconf 86' lang='lat' dir='ltr'>profecto</span> <span class='ocrx_word' id='word_1_187' title='bbox 834 2081 1130 2166; x_wconf 85' lang='lat' dir='ltr'>januapatetletho,</span> 
     </span>
     <span class='ocr_line' id='line_1_22' title="bbox 85 2169 1129 2256; baseline 0.004 -25"><span class='ocrx_word' id='word_1_188' title='bbox 85 2171 171 2252; x_wconf 85' lang='lat' dir='ltr'>quod</span> <span class='ocrx_word' id='word_1_189' title='bbox 183 2175 393 2236; x_wconf 86' lang='lat' dir='ltr'>certissimum</span> <span class='ocrx_word' id='word_1_190' title='bbox 406 2177 480 2252; x_wconf 81' lang='lat' dir='ltr'>erit3</span> <span class='ocrx_word' id='word_1_191' title='bbox 494 2196 569 2236; x_wconf 90' lang='lat' dir='ltr'>nam</span> <span class='ocrx_word' id='word_1_192' title='bbox 582 2175 682 2234; x_wconf 90' lang='lat' dir='ltr'>aderit</span> <span class='ocrx_word' id='word_1_193' title='bbox 695 2169 848 2256; x_wconf 80' lang='lat' dir='ltr'>Pyrrhus,</span> <span class='ocrx_word' id='word_1_194' title='bbox 860 2184 916 2231; x_wconf 85' lang='lat' dir='ltr'>etc¹</span> <span class='ocrx_word' id='word_1_195' title='bbox 936 2173 1010 2232; x_wconf 86' lang='lat' dir='ltr'>Haec</span> <span class='ocrx_word' id='word_1_196' title='bbox 1023 2177 1129 2236; x_wconf 88' lang='lat' dir='ltr'>omnia</span> 
     </span>
     <span class='ocr_line' id='line_1_23' title="bbox 84 2260 1130 2346; baseline 0.004 -26"><span class='ocrx_word' id='word_1_197' title='bbox 84 2260 235 2322; x_wconf 85' lang='lat' dir='ltr'>dicuntur</span> <span class='ocrx_word' id='word_1_198' title='bbox 246 2265 348 2324; x_wconf 89' lang='lat' dir='ltr'>ironia</span> <span class='ocrx_word' id='word_1_199' title='bbox 359 2264 497 2346; x_wconf 86' lang='lat' dir='ltr'>quadam</span> <span class='ocrx_word' id='word_1_200' title='bbox 509 2266 734 2325; x_wconf 89' lang='lat' dir='ltr'>sententiarum</span> <span class='ocrx_word' id='word_1_201' title='bbox 745 2285 753 2322; x_wconf 73' lang='grc' dir='ltr'><strong>ε</strong></span> <span class='ocrx_word' id='word_1_202' title='bbox 765 2281 852 2322; x_wconf 91' lang='lat' dir='ltr'>mens</span> <span class='ocrx_word' id='word_1_203' title='bbox 864 2262 948 2322; x_wconf 87' lang='lat' dir='ltr'>enirn</span> <span class='ocrx_word' id='word_1_204' title='bbox 959 2262 1061 2322; x_wconf 83' lang='lat' dir='ltr'>AEneae</span> <span class='ocrx_word' id='word_1_205' title='bbox 1072 2279 1116 2324; x_wconf 91' lang='lat' dir='ltr'>est</span> <span class='ocrx_word' id='word_1_206' title='bbox 1120 2289 1130 2346; x_wconf 77' lang='lat'>5</span> 
     </span>
     <span class='ocr_line' id='line_1_24' title="bbox 85 2349 1131 2432; baseline 0.004 -24"><span class='ocrx_word' id='word_1_207' title='bbox 85 2351 234 2432; x_wconf 90' lang='lat' dir='ltr'>iniquum</span> <span class='ocrx_word' id='word_1_208' title='bbox 254 2367 299 2413; x_wconf 86' lang='lat' dir='ltr'>est</span> <span class='ocrx_word' id='word_1_209' title='bbox 319 2354 496 2413; x_wconf 82' lang='lat' dir='ltr'>existimare</span> <span class='ocrx_word' id='word_1_210' title='bbox 514 2355 596 2413; x_wconf 92' lang='lat' dir='ltr'>Deos</span> <span class='ocrx_word' id='word_1_211' title='bbox 615 2351 715 2427; x_wconf 91' lang='lat' dir='ltr'>nolle,</span> <span class='ocrx_word' id='word_1_212' title='bbox 736 2365 771 2411; x_wconf 87' lang='lat' dir='ltr'>ut</span> <span class='ocrx_word' id='word_1_213' title='bbox 783 2351 865 2410; x_wconf 86' lang='lat' dir='ltr'>¹vieti</span> <span class='ocrx_word' id='word_1_214' title='bbox 883 2349 962 2409; x_wconf 85' lang='lat' dir='ltr'>cives</span> <span class='ocrx_word' id='word_1_215' title='bbox 978 2353 1131 2432; x_wconf 87' lang='lat' dir='ltr'>supersint</span> 
     </span>
     <span class='ocr_line' id='line_1_25' title="bbox 84 2436 1197 2524; baseline 0.003 -28"><span class='ocrx_word' id='word_1_216' title='bbox 84 2439 199 2519; x_wconf 71' lang='lat' dir='ltr'>patrias</span> <span class='ocrx_word' id='word_1_217' title='bbox 212 2441 317 2516; x_wconf 78' lang='lat' dir='ltr'>victas,</span> <span class='ocrx_word' id='word_1_218' title='bbox 336 2462 436 2524; x_wconf 89' lang='lat' dir='ltr'>quum</span> <span class='ocrx_word' id='word_1_219' title='bbox 451 2443 621 2522; x_wconf 90' lang='lat' dir='ltr'>unicuique</span> <span class='ocrx_word' id='word_1_220' title='bbox 638 2443 677 2500; x_wconf 89' lang='lat' dir='ltr'>sit</span> <span class='ocrx_word' id='word_1_221' title='bbox 688 2438 738 2522; x_wconf 88' lang='lat' dir='ltr'>jus</span> <span class='ocrx_word' id='word_1_222' title='bbox 755 2436 877 2500; x_wconf 88' lang='lat' dir='ltr'>tuendae</span> <span class='ocrx_word' id='word_1_223' title='bbox 894 2437 1017 2513; x_wconf 86' lang='lat' dir='ltr'>salutis,</span> <span class='ocrx_word' id='word_1_224' title='bbox 1035 2441 1134 2506; x_wconf 85' lang='lat' dir='ltr'>etiam</span> <span class='ocrx_word' id='word_1_225' title='bbox 1192 2469 1197 2476; x_wconf 57' lang='lat'><strong><em>¹</em></strong></span> 
     </span>
     <span class='ocr_line' id='line_1_26' title="bbox 85 2525 1129 2613; baseline 0.003 -27"><span class='ocrx_word' id='word_1_226' title='bbox 85 2529 189 2608; x_wconf 90' lang='lat' dir='ltr'>patria</span> <span class='ocrx_word' id='word_1_227' title='bbox 200 2549 315 2590; x_wconf 81' lang='lat' dir='ltr'>eversa.</span> <span class='ocrx_word' id='word_1_228' title='bbox 328 2531 364 2590; x_wconf 92' lang='lat' dir='ltr'>ln</span> <span class='ocrx_word' id='word_1_229' title='bbox 376 2529 453 2608; x_wconf 90' lang='lat' dir='ltr'>illis,</span> <span class='ocrx_word' id='word_1_230' title='bbox 465 2534 511 2596; x_wconf 83' lang='lat' dir='ltr'>isti</span> <span class='ocrx_word' id='word_1_231' title='bbox 524 2529 614 2607; x_wconf 79' lang='lat' dir='ltr'>testo,</span> <span class='ocrx_word' id='word_1_232' title='bbox 628 2528 778 2606; x_wconf 86' lang='lat' dir='ltr'>subaudi,</span> <span class='ocrx_word' id='word_1_233' title='bbox 789 2525 985 2604; x_wconf 81' lang='lat' dir='ltr'>voluntari03</span> <span class='ocrx_word' id='word_1_234' title='bbox 998 2529 1029 2586; x_wconf 89' lang='lat' dir='ltr'>in</span> <span class='ocrx_word' id='word_1_235' title='bbox 1043 2527 1129 2613; x_wconf 88' lang='lat' dir='ltr'>quod</span> 
     </span>
     <span class='ocr_line' id='line_1_27' title="bbox 86 2619 1017 2702; baseline 0.009 -27"><span class='ocrx_word' id='word_1_236' title='bbox 86 2629 119 2675; x_wconf 89' lang='lat' dir='ltr'>tu</span> <span class='ocrx_word' id='word_1_237' title='bbox 134 2619 181 2678; x_wconf 86' lang='lat' dir='ltr'>vis</span> <span class='ocrx_word' id='word_1_238' title='bbox 193 2638 293 2682; x_wconf 88' lang='lat' dir='ltr'>ruere.</span> <span class='ocrx_word' id='word_1_239' title='bbox 1014 2693 1017 2702; x_wconf 32' lang='grc' dir='ltr'>Ι</span> 
     </span>
    </p>

    <p class='ocr_par' dir='ltr' id='par_1_5' title="bbox 85 2707 1142 3150">
     <span class='ocr_line' id='line_1_28' title="bbox 116 2707 1131 2794; baseline 0.004 -29"><span class='ocrx_word' id='word_1_240' title='bbox 116 2707 193 2766; x_wconf 74' lang='lat'><strong>662.</strong></span> <span class='ocrx_word' id='word_1_241' title='bbox 208 2707 280 2784; x_wconf 87' lang='lat' dir='ltr'>Quo</span> <span class='ocrx_word' id='word_1_242' title='bbox 289 2722 405 2774; x_wconf 86' lang='lat' dir='ltr'>terreat</span> <span class='ocrx_word' id='word_1_243' title='bbox 415 2734 535 2789; x_wconf 87' lang='lat' dir='ltr'>senem,</span> <span class='ocrx_word' id='word_1_244' title='bbox 547 2710 657 2794; x_wconf 84' lang='lat' dir='ltr'>Pyrrhi</span> <span class='ocrx_word' id='word_1_245' title='bbox 670 2711 863 2770; x_wconf 87' lang='lat' dir='ltr'>ferocitatem</span> <span class='ocrx_word' id='word_1_246' title='bbox 875 2710 1040 2788; x_wconf 87' lang='lat' dir='ltr'>proponit,</span> <span class='ocrx_word' id='word_1_247' title='bbox 1053 2707 1131 2769; x_wconf 90' lang='lat' dir='ltr'>allu-</span> 
     </span>
     <span class='ocr_line' id='line_1_29' title="bbox 85 2793 1130 2880; baseline 0.004 -28"><span class='ocrx_word' id='word_1_248' title='bbox 85 2793 216 2868; x_wconf 78' lang='lat' dir='ltr'>densad</span> <span class='ocrx_word' id='word_1_249' title='bbox 229 2795 299 2874; x_wconf 93' lang='lat' dir='ltr'>illa,</span> <span class='ocrx_word' id='word_1_250' title='bbox 311 2801 489 2864; x_wconf 81' lang='lat' dir='ltr'>miserebitur</span> <span class='ocrx_word' id='word_1_251' title='bbox 498 2801 603 2863; x_wconf 84' lang='lat' dir='ltr'>hostis:</span> <span class='ocrx_word' id='word_1_252' title='bbox 619 2801 709 2880; x_wconf 82' lang='lat' dir='ltr'>quasi</span> <span class='ocrx_word' id='word_1_253' title='bbox 720 2799 821 2858; x_wconf 87' lang='lat' dir='ltr'>dicat:</span> <span class='ocrx_word' id='word_1_254' title='bbox 835 2815 900 2854; x_wconf 92' lang='lat' dir='ltr'>non</span> <span class='ocrx_word' id='word_1_255' title='bbox 912 2793 969 2852; x_wconf 92' lang='lat' dir='ltr'>tibi</span> <span class='ocrx_word' id='word_1_256' title='bbox 982 2796 1077 2852; x_wconf 89' lang='lat' dir='ltr'>vitam</span> <span class='ocrx_word' id='word_1_257' title='bbox 1090 2797 1130 2856; x_wconf 89' lang='lat' dir='ltr'>ad</span> 
     </span>
     <span class='ocr_line' id='line_1_30' title="bbox 85 2879 1142 2972; baseline 0.005 -33"><span class='ocrx_word' id='word_1_258' title='bbox 85 2881 332 2946; x_wconf 87' lang='lat' dir='ltr'>misericordiam</span> <span class='ocrx_word' id='word_1_259' title='bbox 351 2891 463 2972; x_wconf 88' lang='lat' dir='ltr'>eripiet</span> <span class='ocrx_word' id='word_1_260' title='bbox 483 2889 551 2965; x_wconf 86' lang='lat' dir='ltr'>ille,</span> <span class='ocrx_word' id='word_1_261' title='bbox 572 2891 605 2948; x_wconf 88' lang='lat' dir='ltr'>in</span> <span class='ocrx_word' id='word_1_262' title='bbox 626 2907 689 2970; x_wconf 92' lang='lat' dir='ltr'>quo</span> <span class='ocrx_word' id='word_1_263' title='bbox 712 2898 786 2944; x_wconf 89' lang='lat' dir='ltr'>sunt</span> <span class='ocrx_word' id='word_1_264' title='bbox 806 2901 916 2958; x_wconf 85' lang='lat' dir='ltr'>omnes</span> <span class='ocrx_word' id='word_1_265' title='bbox 939 2879 1142 2944; x_wconf 86' lang='lat' dir='ltr'>crudelitatis</span> 
     </span>
     <span class='ocr_line' id='line_1_31' title="bbox 85 2969 1130 3058; baseline 0.002 -31"><span class='ocrx_word' id='word_1_266' title='bbox 85 2981 179 3029; x_wconf 84' lang='lat' dir='ltr'>notoe.</span> <span class='ocrx_word' id='word_1_267' title='bbox 187 2969 313 3034; x_wconf 84' lang='lat' dir='ltr'>imbuet</span> <span class='ocrx_word' id='word_1_268' title='bbox 322 2995 355 3036; x_wconf 87' lang='lat' dir='ltr'>se</span> <span class='ocrx_word' id='word_1_269' title='bbox 364 2990 421 3036; x_wconf 92' lang='lat' dir='ltr'>tuo</span> <span class='ocrx_word' id='word_1_270' title='bbox 431 2979 594 3058; x_wconf 81' lang='lat' dir='ltr'>sanguine,</span> <span class='ocrx_word' id='word_1_271' title='bbox 603 2977 680 3036; x_wconf 85' lang='lat' dir='ltr'>sicut</span> <span class='ocrx_word' id='word_1_272' title='bbox 689 2971 789 3032; x_wconf 87' lang='lat' dir='ltr'>multo</span> <span class='ocrx_word' id='word_1_273' title='bbox 798 2971 923 3030; x_wconf 85' lang='lat' dir='ltr'>Priami.</span> <span class='ocrx_word' id='word_1_274' title='bbox 933 2969 990 3044; x_wconf 85' lang='lat' dir='ltr'>An,</span> <span class='ocrx_word' id='word_1_275' title='bbox 1000 2969 1053 3052; x_wconf 88' lang='lat' dir='ltr'>qui</span> <span class='ocrx_word' id='word_1_276' title='bbox 1064 2972 1130 3052; x_wconf 75' lang='lat' dir='ltr'>regi</span> 
     </span>
     <span class='ocr_line' id='line_1_32' title="bbox 86 3051 1132 3150; baseline 0.003 -33"><span class='ocrx_word' id='word_1_277' title='bbox 86 3077 153 3119; x_wconf 85' lang='lat' dir='ltr'>nou</span> <span class='ocrx_word' id='word_1_278' title='bbox 167 3065 323 3142; x_wconf 88' lang='lat' dir='ltr'>pepercit,</span> <span class='ocrx_word' id='word_1_279' title='bbox 335 3065 391 3126; x_wconf 87' lang='lat' dir='ltr'>tibi</span> <span class='ocrx_word' id='word_1_280' title='bbox 404 3065 529 3150; x_wconf 85' lang='lat' dir='ltr'>parcet?</span> <span class='ocrx_word' id='word_1_281' title='bbox 542 3069 613 3127; x_wconf 90' lang='lat' dir='ltr'>Non</span> <span class='ocrx_word' id='word_1_282' title='bbox 625 3065 690 3146; x_wconf 80' lang='lat' dir='ltr'>agis</span> <span class='ocrx_word' id='word_1_283' title='bbox 702 3084 775 3124; x_wconf 87' lang='lat' dir='ltr'>cum</span> <span class='ocrx_word' id='word_1_284' title='bbox 787 3060 875 3122; x_wconf 91' lang='lat' dir='ltr'>hoste</span> <span class='ocrx_word' id='word_1_285' title='bbox 883 3051 1089 3134; x_wconf 89' lang='lat' dir='ltr'>misericordi,</span> <span class='ocrx_word' id='word_1_286' title='bbox 1101 3073 1132 3120; x_wconf 89' lang='lat' dir='ltr'>et</span> 
     </span>
    </p>
   </div>
   <div class='ocr_carea' id='block_1_3' title="bbox 85 3189 1140 4066">
    <p class='ocr_par' dir='ltr' id='par_1_6' title="bbox 85 3189 1131 3430">
     <span class='ocr_line' id='line_1_33' title="bbox 121 3189 1129 3272; baseline 0.003 -31"><span class='ocrx_word' id='word_1_287' title='bbox 121 3189 182 3244; x_wconf 88' lang='grc'><strong>655.</strong></span> <span class='ocrx_word' id='word_1_288' title='bbox 190 3193 286 3248; x_wconf 79' lang='lat' dir='ltr'>Rursus</span> <span class='ocrx_word' id='word_1_289' title='bbox 295 3197 323 3248; x_wconf 81' lang='lat' dir='ltr'>in</span> <span class='ocrx_word' id='word_1_290' title='bbox 332 3217 406 3252; x_wconf 75' lang='lat' dir='ltr'>anua</span> <span class='ocrx_word' id='word_1_291' title='bbox 411 3199 493 3272; x_wconf 78' lang='lat' dir='ltr'>feror.</span> <span class='ocrx_word' id='word_1_292' title='bbox 502 3200 587 3268; x_wconf 84' lang='lat' dir='ltr'>Quasi</span> <span class='ocrx_word' id='word_1_293' title='bbox 631 3212 658 3253; x_wconf 87' lang='lat' dir='ltr'>et</span> <span class='ocrx_word' id='word_1_294' title='bbox 669 3197 753 3270; x_wconf 88' lang='lat' dir='ltr'>probe</span> <span class='ocrx_word' id='word_1_295' title='bbox 766 3195 839 3250; x_wconf 87' lang='lat' dir='ltr'>noris</span> <span class='ocrx_word' id='word_1_296' title='bbox 850 3191 913 3264; x_wconf 88' lang='lat' dir='ltr'>quid</span> <span class='ocrx_word' id='word_1_297' title='bbox 923 3202 1012 3262; x_wconf 85' lang='lat' dir='ltr'>patres</span> <span class='ocrx_word' id='word_1_298' title='bbox 1024 3190 1129 3262; x_wconf 74' lang='lat' dir='ltr'>liberis,</span> 
     </span>
     <span class='ocr_line' id='line_1_34' title="bbox 88 3269 1131 3352; baseline 0.005 -31"><span class='ocrx_word' id='word_1_299' title='bbox 88 3269 207 3339; x_wconf 77' lang='lat' dir='ltr'>quodam</span> <span class='ocrx_word' id='word_1_300' title='bbox 216 3273 318 3328; x_wconf 84' lang='lat' dir='ltr'>doloris</span> <span class='ocrx_word' id='word_1_301' title='bbox 327 3279 445 3351; x_wconf 86' lang='lat' dir='ltr'>impetu,</span> <span class='ocrx_word' id='word_1_302' title='bbox 458 3279 531 3352; x_wconf 88' lang='lat' dir='ltr'>quod</span> <span class='ocrx_word' id='word_1_303' title='bbox 540 3299 587 3352; x_wconf 87' lang='lat' dir='ltr'>pa·</span> <span class='ocrx_word' id='word_1_304' title='bbox 632 3277 791 3350; x_wconf 86' lang='lat' dir='ltr'>arpatribus</span> <span class='ocrx_word' id='word_1_305' title='bbox 799 3275 877 3328; x_wconf 89' lang='lat' dir='ltr'>liberi</span> <span class='ocrx_word' id='word_1_306' title='bbox 886 3269 1009 3323; x_wconf 85' lang='lat' dir='ltr'>debeant.</span> <span class='ocrx_word' id='word_1_307' title='bbox 1017 3271 1074 3322; x_wconf 78' lang='lat' dir='ltr'>Tu?</span> <span class='ocrx_word' id='word_1_308' title='bbox 1084 3277 1131 3342; x_wconf 86' lang='lat' dir='ltr'>qui</span> 
     </span>
     <span class='ocr_line' id='line_1_35' title="bbox 85 3347 1130 3430; baseline 0.002 -30"><span class='ocrx_word' id='word_1_309' title='bbox 85 3362 124 3402; x_wconf 84' lang='lat' dir='ltr'>ter</span> <span class='ocrx_word' id='word_1_310' title='bbox 133 3347 244 3406; x_wconf 84' lang='lat' dir='ltr'>liberari</span> <span class='ocrx_word' id='word_1_311' title='bbox 254 3374 309 3407; x_wconf 90' lang='lat' dir='ltr'>non</span> <span class='ocrx_word' id='word_1_312' title='bbox 319 3361 508 3430; x_wconf 79' lang='lat' dir='ltr'>acquiesceret.</span> <span class='ocrx_word' id='word_1_313' title='bbox 516 3361 585 3414; x_wconf 79' lang='lat' dir='ltr'>Serv.</span> <span class='ocrx_word' id='word_1_314' title='bbox 632 3369 766 3410; x_wconf 81' lang='lat' dir='ltr'>senectute</span> <span class='ocrx_word' id='word_1_315' title='bbox 783 3366 809 3406; x_wconf 86' lang='lat' dir='ltr'>et</span> <span class='ocrx_word' id='word_1_316' title='bbox 824 3349 919 3403; x_wconf 86' lang='lat' dir='ltr'>morbo</span> <span class='ocrx_word' id='word_1_317' title='bbox 931 3350 1018 3419; x_wconf 77' lang='lat' dir='ltr'>gravis</span> <span class='ocrx_word' id='word_1_318' title='bbox 1035 3351 1086 3416; x_wconf 85' lang='lat' dir='ltr'>sis,</span> <span class='ocrx_word' id='word_1_319' title='bbox 1103 3366 1130 3406; x_wconf 81' lang='lat' dir='ltr'>et</span> 
     </span>
    </p>

    <p class='ocr_par' dir='ltr' id='par_1_7' title="bbox 85 3429 1140 4066">
     <span class='ocr_line' id='line_1_36' title="bbox 119 3429 1140 3509; baseline 0 -23"><span class='ocrx_word' id='word_1_320' title='bbox 119 3429 182 3500; x_wconf 79' lang='lat'><strong>657·</strong></span> <span class='ocrx_word' id='word_1_321' title='bbox 193 3433 279 3486; x_wconf 79' lang='lat' dir='ltr'>Mene.</span> <span class='ocrx_word' id='word_1_322' title='bbox 290 3437 424 3492; x_wconf 83' lang='lat' dir='ltr'>invidiosa</span> <span class='ocrx_word' id='word_1_323' title='bbox 431 3437 527 3508; x_wconf 85' lang='lat' dir='ltr'>dictio,</span> <span class='ocrx_word' id='word_1_324' title='bbox 540 3438 587 3492; x_wconf 90' lang='lat' dir='ltr'>sed</span> <span class='ocrx_word' id='word_1_325' title='bbox 633 3456 712 3509; x_wconf 82' lang='lat' dir='ltr'>quem</span> <span class='ocrx_word' id='word_1_326' title='bbox 723 3438 761 3487; x_wconf 87' lang='lat' dir='ltr'>ita</span> <span class='ocrx_word' id='word_1_327' title='bbox 771 3433 920 3502; x_wconf 83' lang='lat' dir='ltr'>relinquere</span> <span class='ocrx_word' id='word_1_328' title='bbox 927 3430 961 3480; x_wconf 86' lang='lat' dir='ltr'>sit</span> <span class='ocrx_word' id='word_1_329' title='bbox 968 3429 1069 3499; x_wconf 85' lang='lat' dir='ltr'>seelus,</span> <span class='ocrx_word' id='word_1_330' title='bbox 1078 3431 1140 3487; x_wconf 85' lang='lat' dir='ltr'>hoe-</span> 
     </span>
     <span class='ocr_line' id='line_1_37' title="bbox 86 3509 1129 3588; baseline 0.005 -28"><span class='ocrx_word' id='word_1_331' title='bbox 86 3527 145 3582; x_wconf 77' lang='lat' dir='ltr'>quae</span> <span class='ocrx_word' id='word_1_332' title='bbox 156 3509 239 3581; x_wconf 87' lang='lat' dir='ltr'>plena</span> <span class='ocrx_word' id='word_1_333' title='bbox 250 3528 320 3568; x_wconf 87' lang='lat' dir='ltr'>esset</span> <span class='ocrx_word' id='word_1_334' title='bbox 328 3518 454 3588; x_wconf 83' lang='lat' dir='ltr'>piatatis,</span> <span class='ocrx_word' id='word_1_335' title='bbox 467 3531 494 3572; x_wconf 88' lang='lat' dir='ltr'>et</span> <span class='ocrx_word' id='word_1_336' title='bbox 505 3537 537 3572; x_wconf 81' lang='lat' dir='ltr'>ex</span> <span class='ocrx_word' id='word_1_337' title='bbox 549 3519 587 3572; x_wconf 84' lang='lat' dir='ltr'>af·</span> <span class='ocrx_word' id='word_1_338' title='bbox 632 3529 766 3586; x_wconf 82' lang='lat' dir='ltr'>tempore,</span> <span class='ocrx_word' id='word_1_339' title='bbox 778 3523 805 3565; x_wconf 87' lang='lat' dir='ltr'>et</span> <span class='ocrx_word' id='word_1_340' title='bbox 820 3511 871 3562; x_wconf 83' lang='lat' dir='ltr'>hoe</span> <span class='ocrx_word' id='word_1_341' title='bbox 885 3509 960 3576; x_wconf 86' lang='lat' dir='ltr'>loco,</span> <span class='ocrx_word' id='word_1_342' title='bbox 976 3509 1023 3562; x_wconf 89' lang='lat' dir='ltr'>ubi</span> <span class='ocrx_word' id='word_1_343' title='bbox 1039 3509 1129 3568; x_wconf 79' lang='lat' dir='ltr'>hostes</span> 
     </span>
     <span class='ocr_line' id='line_1_38' title="bbox 85 3583 1129 3668; baseline 0.008 -28"><span class='ocrx_word' id='word_1_344' title='bbox 85 3591 160 3642; x_wconf 80' lang='lat' dir='ltr'>fectu</span> <span class='ocrx_word' id='word_1_345' title='bbox 170 3590 297 3664; x_wconf 75' lang='lat' dir='ltr'>religioso</span> <span class='ocrx_word' id='word_1_346' title='bbox 306 3598 436 3668; x_wconf 81' lang='lat' dir='ltr'>prolecta.</span> <span class='ocrx_word' id='word_1_347' title='bbox 445 3583 532 3652; x_wconf 81' lang='lat' dir='ltr'>Habet</span> <span class='ocrx_word' id='word_1_348' title='bbox 542 3617 587 3650; x_wconf 86' lang='lat' dir='ltr'>nu·</span> <span class='ocrx_word' id='word_1_349' title='bbox 632 3597 685 3648; x_wconf 91' lang='lat' dir='ltr'>sint</span> <span class='ocrx_word' id='word_1_350' title='bbox 694 3606 721 3646; x_wconf 89' lang='lat' dir='ltr'>et</span> <span class='ocrx_word' id='word_1_351' title='bbox 729 3593 842 3644; x_wconf 86' lang='lat' dir='ltr'>flamma.</span> <span class='ocrx_word' id='word_1_352' title='bbox 851 3589 962 3641; x_wconf 84' lang='lat' dir='ltr'>Potuisti</span> <span class='ocrx_word' id='word_1_353' title='bbox 971 3608 1033 3662; x_wconf 74' lang='lat' dir='ltr'>ergo</span> <span class='ocrx_word' id='word_1_354' title='bbox 1043 3589 1129 3666; x_wconf 86' lang='lat' dir='ltr'>loqui,</span> 
     </span>
     <span class='ocr_line' id='line_1_39' title="bbox 85 3668 1130 3750; baseline 0.005 -29"><span class='ocrx_word' id='word_1_355' title='bbox 85 3677 139 3721; x_wconf 83' lang='lat' dir='ltr'>tem</span> <span class='ocrx_word' id='word_1_356' title='bbox 155 3674 340 3742; x_wconf 65' lang='lat' dir='ltr'>gravissimum</span> <span class='ocrx_word' id='word_1_357' title='bbox 356 3676 463 3748; x_wconf 86' lang='lat' dir='ltr'>pondus</span> <span class='ocrx_word' id='word_1_358' title='bbox 478 3680 507 3730; x_wconf 91' lang='lat' dir='ltr'>in</span> <span class='ocrx_word' id='word_1_359' title='bbox 523 3697 589 3750; x_wconf 89' lang='lat' dir='ltr'>pro·</span> <span class='ocrx_word' id='word_1_360' title='bbox 633 3673 707 3747; x_wconf 88' lang='lat' dir='ltr'>quod</span> <span class='ocrx_word' id='word_1_361' title='bbox 718 3668 1130 3740; x_wconf 75' lang='lat' dir='ltr'>meiaceretparricidam?Doa.</span> 
     </span>
     <span class='ocr_line' id='line_1_40' title="bbox 85 3749 1130 3824; baseline 0.008 -24"><span class='ocrx_word' id='word_1_362' title='bbox 85 3749 254 3818; x_wconf 83' lang='lat' dir='ltr'>nominibus,</span> <span class='ocrx_word' id='word_1_363' title='bbox 265 3755 309 3806; x_wconf 83' lang='lat' dir='ltr'>Ma</span> <span class='ocrx_word' id='word_1_364' title='bbox 319 3769 345 3808; x_wconf 88' lang='lat' dir='ltr'>et</span> <span class='ocrx_word' id='word_1_365' title='bbox 354 3752 407 3808; x_wconf 81' lang='lat' dir='ltr'>Tr:</span> <span class='ocrx_word' id='word_1_366' title='bbox 418 3757 479 3808; x_wconf 78' lang='lat' dir='ltr'>Mn?</span> <span class='ocrx_word' id='word_1_367' title='bbox 488 3757 589 3812; x_wconf 87' lang='lat' dir='ltr'>scilicet</span> <span class='ocrx_word' id='word_1_368' title='bbox 667 3753 728 3805; x_wconf 80' lang='lat'><strong>662.</strong></span> <span class='ocrx_word' id='word_1_369' title='bbox 742 3749 941 3812; x_wconf 82' lang='lat' dir='ltr'>MaltoPriami</span> <span class='ocrx_word' id='word_1_370' title='bbox 954 3749 986 3802; x_wconf 89' lang='lat' dir='ltr'>de</span> <span class='ocrx_word' id='word_1_371' title='bbox 996 3753 1130 3824; x_wconf 72' lang='lat' dir='ltr'>sanquine.</span> 
     </span>
     <span class='ocr_line' id='line_1_41' title="bbox 87 3827 1131 3908; baseline 0.006 -29"><span class='ocrx_word' id='word_1_372' title='bbox 87 3827 171 3882; x_wconf 85' lang='lat' dir='ltr'>lilium</span> <span class='ocrx_word' id='word_1_373' title='bbox 184 3843 275 3901; x_wconf 87' lang='lat' dir='ltr'>tuum,</span> <span class='ocrx_word' id='word_1_374' title='bbox 288 3839 363 3905; x_wconf 76' lang='lat' dir='ltr'>eujus</span> <span class='ocrx_word' id='word_1_375' title='bbox 377 3838 520 3908; x_wconf 75' lang='lat' dir='ltr'>pietatem,</span> <span class='ocrx_word' id='word_1_376' title='bbox 532 3837 589 3889; x_wconf 72' lang='lat' dir='ltr'>ulfi·</span> <span class='ocrx_word' id='word_1_377' title='bbox 633 3832 716 3900; x_wconf 89' lang='lat' dir='ltr'>Quasi</span> <span class='ocrx_word' id='word_1_378' title='bbox 727 3831 768 3882; x_wconf 87' lang='lat' dir='ltr'>bia</span> <span class='ocrx_word' id='word_1_379' title='bbox 782 3830 934 3902; x_wconf 73' lang='lat' dir='ltr'>sanguinem</span> <span class='ocrx_word' id='word_1_380' title='bbox 947 3828 1047 3882; x_wconf 83' lang='lat' dir='ltr'>fuderit</span> <span class='ocrx_word' id='word_1_381' title='bbox 1055 3832 1131 3885; x_wconf 87' lang='lat' dir='ltr'>Pria·</span> 
     </span>
     <span class='ocr_line' id='line_1_42' title="bbox 88 3909 1136 3987; baseline 0.004 -27"><span class='ocrx_word' id='word_1_382' title='bbox 88 3909 148 3974; x_wconf 80' lang='lat' dir='ltr'>eia,</span> <span class='ocrx_word' id='word_1_383' title='bbox 166 3911 377 3987; x_wconf 73' lang='lat' dir='ltr'>religionemque</span> <span class='ocrx_word' id='word_1_384' title='bbox 401 3917 500 3986; x_wconf 87' lang='lat' dir='ltr'>optime</span> <span class='ocrx_word' id='word_1_385' title='bbox 516 3935 589 3968; x_wconf 84' lang='lat' dir='ltr'>eom·</span> <span class='ocrx_word' id='word_1_386' title='bbox 633 3929 707 3976; x_wconf 82' lang='lat' dir='ltr'>mus,</span> <span class='ocrx_word' id='word_1_387' title='bbox 725 3911 789 3982; x_wconf 86' lang='lat' dir='ltr'>quia</span> <span class='ocrx_word' id='word_1_388' title='bbox 804 3922 830 3963; x_wconf 90' lang='lat' dir='ltr'>et</span> <span class='ocrx_word' id='word_1_389' title='bbox 845 3910 927 3963; x_wconf 75' lang='lat' dir='ltr'>lilium</span> <span class='ocrx_word' id='word_1_390' title='bbox 943 3912 1000 3980; x_wconf 87' lang='lat' dir='ltr'>ejus</span> <span class='ocrx_word' id='word_1_391' title='bbox 1016 3910 1136 3984; x_wconf 62' lang='lat' dir='ltr'>Pyrrhae</span> 
     </span>
     <span class='ocr_line' id='line_1_43' title="bbox 87 3987 852 4066; baseline 0.004 -26"><span class='ocrx_word' id='word_1_392' title='bbox 87 3987 220 4062; x_wconf 74' lang='lat' dir='ltr'>probasti.</span> <span class='ocrx_word' id='word_1_393' title='bbox 230 3990 288 4047; x_wconf 74' lang='lat' dir='ltr'>Tar</span> <span class='ocrx_word' id='word_1_394' title='bbox 301 3996 348 4064; x_wconf 84' lang='lat' dir='ltr'>qui</span> <span class='ocrx_word' id='word_1_395' title='bbox 362 3995 397 4048; x_wconf 89' lang='lat' dir='ltr'>sis</span> <span class='ocrx_word' id='word_1_396' title='bbox 408 4006 486 4066; x_wconf 83' lang='lat' dir='ltr'>pater</span> <span class='ocrx_word' id='word_1_397' title='bbox 496 4013 587 4060; x_wconf 78' lang='lat' dir='ltr'>meus,</span> <span class='ocrx_word' id='word_1_398' title='bbox 635 3989 771 4046; x_wconf 76' lang='lat' dir='ltr'>assident.</span> <span class='ocrx_word' id='word_1_399' title='bbox 783 3991 852 4046; x_wconf 80' lang='lat' dir='ltr'>Seru.</span> 
     </span>
    </p>
   </div>
   <div class='ocr_carea' id='block_1_4' title="bbox 0 0 1353 4594">
    <p class='ocr_par' dir='ltr' id='par_1_8' title="bbox 0 0 1353 4594">
     <span class='ocr_line' id='line_1_44' title="bbox 0 0 1353 4594; baseline 0 0"><span class='ocrx_word' id='word_1_400' title='bbox 0 0 1353 4594; x_wconf 95' lang='lat' dir='ltr'> </span> 
     </span>
    </p>
   </div>
  </div>
 </body>
</html>
