2644 4614
244 353 306 422 508
576 361 955 429 COMMENTARIA

245 477 436 544 AEolidarum
446 508 453 543 ε
465 505 500 544 ea
511 485 625 560 insula,
638 485 745 560 Hiera,
757 499 821 546 tota
833 487 932 546 fumat
941 487 1052 569 ignitis
1063 489 1166 562 saxis,
1181 499 1213 547 et
1221 487 1282 567 quia

244 567 374 646 eripitur,
388 571 457 632 ideo
468 573 558 634 arriua
570 598 578 632 :
591 573 695 634 subter
704 572 783 632 hanc
794 574 927 633 insulam
939 587 984 633 est
995 594 1127 654 specus,
1143 588 1176 633 et
1186 572 1283 653 Cyclo·

243 668 318 730 pum
337 673 425 720 antra
445 663 631 737 vastissima,
657 681 725 742 quae
742 683 825 720 exesa
847 663 984 734 caminis,
1007 661 1124 736 idest,
1149 658 1281 720 ambusta

241 739 364 820 ignibus
380 747 452 808 inde
466 747 715 831 erumpentibus:
737 748 829 808 iubis
845 751 941 808 antris
954 769 1040 808 mera
1056 761 1136 807 sunt
1153 750 1282 807 tonitrua

243 847 279 886 ex
289 832 481 896 validissimis
490 838 614 910 ictibus,
626 837 739 918 quibus
751 835 879 894 incudes
890 837 1129 916 impinguntur:
1142 855 1179 892 ac
1188 834 1283 914 proin-

244 913 283 973 de
293 938 483 1004 consequens
494 937 551 998 est,
563 937 596 984 ut
609 921 653 982 ibi
666 943 785 1004 semper
797 923 913 982 ferrum
926 921 1053 994 stridat,
1070 921 1202 980 anhelet
1215 919 1283 1000 ignis

244 1019 409 1088 erumpens
427 1030 463 1069 ex
481 1011 668 1071 fornacibus.
693 1011 767 1069 Haec
787 1025 831 1070 est
850 1010 945 1090 igitur
962 1008 1067 1068 domus
1088 1006 1238 1080 Vulcani,
1257 1023 1283 1062 ac

243 1097 309 1150 tota
320 1094 410 1156 tellus
423 1097 460 1156 ab
474 1097 529 1157 illo
543 1094 689 1160 Vulcania
704 1096 826 1155 dicitur.
885 1149 887 1154 .

283 1175 353 1251 423.
372 1183 489 1242 Caelum
502 1186 598 1244 iverat
613 1185 717 1242 Venus
732 1182 854 1242 aditura
865 1183 1062 1256 Vulcanum,
1082 1181 1119 1241 fit
1138 1180 1215 1240 inde
1230 1177 1283 1236 des·

244 1268 347 1326 censio
360 1268 398 1327 ad
411 1271 554 1345 Hieram,
569 1268 624 1329 ubi
639 1270 776 1330 ferraria.

282 1349 352 1429 itai.
373 1357 534 1419 Ministros
550 1372 609 1417 tres
625 1369 784 1431 numerat,
803 1355 948 1416 Brontem
958 1402 968 1430 ,
985 1358 1170 1438 Steropem,
1187 1356 1282 1434 Pyrac-

245 1457 390 1501 monem:
405 1445 508 1524 primo
521 1465 637 1505 nomen
651 1447 701 1504 ἀπὸ
714 1454 759 1511 τῆς
769 1448 889 1525 βροντῆς,
903 1465 923 1502 α
937 1447 1065 1504 tonitru:
1084 1444 1178 1503 alteri
1190 1445 1239 1502 ἀπὸ
1249 1449 1283 1501 τῆς

247 1539 383 1606 στεροπῆς,
399 1553 419 1590 α
422 1532 574 1616 fislaetra:
593 1533 685 1592 tertio
696 1535 747 1592 ἀπὸ
758 1541 804 1590 τοῦ
814 1536 904 1612 πυρὸς,
920 1537 964 1590 καὶ
978 1534 1104 1612 ἄκμονος,
1119 1531 1162 1590 ab
1175 1535 1252 1612 iqnt,
1263 1537 1284 1583 ti

247 1613 369 1676 incude:
382 1620 431 1678 isti
442 1619 603 1680 ferrariam
613 1619 805 1692 exercebant,
820 1631 854 1677 ut
865 1620 1001 1677 ministri
1012 1618 1149 1678 Vulcani
1160 1663 1169 1693 ,
1179 1631 1210 1676 et
1219 1612 1282 1674 nudi

245 1703 371 1780 quidem
384 1728 419 1766 ex
436 1708 562 1784 decoro,
583 1723 612 1769 et
629 1709 803 1768 necessitate
820 1709 937 1788 operis:
958 1708 1043 1788 quod
1057 1711 1147 1767 enim
1165 1708 1205 1766 de
1218 1723 1283 1774 uno,

248 1790 286 1850 de
299 1793 366 1854 aliis
381 1795 460 1856 nibil
474 1813 556 1858 vetat
568 1800 655 1878 capi:
670 1810 700 1857 et
713 1797 782 1856 vide
794 1799 1047 1857 consecutionem
1061 1799 1180 1857 miram
1193 1793 1283 1873 magui

246 1898 316 1938 vere
327 1898 445 1962 poetae:
467 1886 537 1946 ideo
554 1889 605 1946 isti
617 1889 835 1964 nominantur,
857 1889 929 1968 quia
945 1886 1060 1947 borum
1077 1888 1147 1967 jam
1167 1886 1282 1946 nomint

246 1985 461 2047 repraesentata
469 1976 501 2034 in
509 1977 659 2057 superiori
669 1975 971 2058 descriptionezergo
980 1981 1119 2051 Brontes,
1129 1977 1283 2059 quiaantm

245 2057 360 2118 AEtnoeu
378 2073 498 2122 tonant:
519 2076 548 2122 et
564 2065 708 2143 Steropes,
731 2065 805 2144 quia
821 2063 1001 2145 striduntque
1012 2070 1147 2124 cauernis
1160 2067 1283 2124 strictura

249 2141 430 2228 Chalybum:
443 2149 498 2210 has
507 2153 591 2211 enim
603 2151 642 2210 de
651 2151 854 2212 candentibus
864 2165 892 2212 et
903 2154 1027 2234 ignitis,
1042 2169 1097 2212 aut
1108 2154 1230 2224 massis,
1242 2159 1283 2208 aut

249 2237 388 2298 scintillis
400 2240 607 2320 explicamus:
623 2241 747 2300 demum
763 2241 948 2322 Pyracmon,
969 2245 1044 2324 quia
1057 2244 1227 2324 praecessit,
1244 2259 1283 2296 ua·

250 2319 356 2406 fidique
377 2329 527 2390 incudibus
547 2335 620 2391 ictus
639 2331 732 2391 auditi
749 2332 877 2414 referunt
891 2335 1044 2414 penatum.
1069 2335 1170 2411 Quis,
1191 2342 1282 2412 putas,
1309 2333 1310 2382 ἱ

248 2407 328 2472 hanc
339 2411 533 2498 diligentiam
545 2417 691 2478 haberet?

286 2498 355 2574 426.
371 2507 509 2568 Fortasse
523 2509 568 2568 illi
583 2508 702 2570 fulmen
713 2509 799 2570 Jovis
813 2507 1027 2584 fabricabant,
1043 2511 1087 2568 ita
1098 2522 1133 2568 ut
1140 2505 1207 2589 jam
1217 2500 1280 2564 illud
1308 2561 1309 2578 ,

250 2589 452 2654 informatum
469 2611 561 2670 esset;
580 2618 655 2656 narn
669 2618 731 2656 una
747 2618 780 2656 ex
795 2613 881 2678 parte
895 2599 1050 2680 politum3
1070 2618 1109 2658 ex
1126 2597 1222 2656 altera
1236 2596 1280 2652 im·
1308 2581 1309 2643 i

248 2678 436 2760 perfectum:
454 2699 486 2746 et
500 2684 601 2746 obiter
617 2689 676 2760 ait,
695 2685 743 2746 his
759 2686 947 2748 fulminibus
959 2690 1006 2748 nti
1018 2690 1133 2747 Jovem
1146 2708 1164 2746 e
1176 2683 1280 2746 caeloin

251 2779 359 2830 terras.
1307 2779 1308 2825 i

287 2856 355 2940 4²9·
370 2859 453 2921 Nihil
466 2865 582 2944 patitur
592 2865 680 2924 Maro
693 2887 758 2924 non
770 2877 995 2948 consequenter
1007 2866 1128 2925 dictum
1142 2888 1149 2923 :
1165 2863 1278 2929 dixerat;
1306 2943 1307 2948 ἵ

252 2967 320 3026 pars
334 2946 475 3009 fulminis
489 2949 624 3011 formata
636 2952 700 3032 jam
718 2965 782 3012 erat
795 2966 824 3012 et
837 2953 954 3034 polita,
975 2974 1046 3035 pars
1064 2951 1171 3012 adhuc
1187 2955 1278 3030 imper·
1306 2961 1307 3009 l

250 3097 320 3150 harto
332 3096 477 3171 (Liparen)
487 3115 512 3153 et
522 3100 638 3155 Siciliam
649 3104 746 3168 altera,
791 3103 954 3156 vocabulum
963 3099 1278 3174 striaturisimpasitumait
1305 3135 1306 3193 ,

251 3191 330 3229 antea
351 3177 479 3232 Therasia
502 3181 650 3251 appellata,
676 3201 747 3234 nunc
792 3183 891 3235 Plinius
902 3183 973 3234 libro
986 3183 1108 3234 xxxiv.

251 3259 345 3323 iliera,
367 3261 430 3329 quia
450 3278 526 3312 sacra
549 3261 670 3313 Vulcano
694 3275 747 3322 est,
827 3263 1096 3333 transmeatum.
1116 3258 1280 3330 Kipavnrirr-

253 3337 321 3388 colle
340 3339 368 3388 iu
391 3357 422 3390 ea
445 3351 588 3392 nocturnas
609 3353 747 3394 evomente
791 3337 1278 3414 ruanepinr,primaetrudiquariau

252 3415 378 3468 flammas.
390 3441 401 3464 u
412 3419 572 3488 ltaqaeideo
581 3421 673 3486 Hiera,
685 3422 748 3491 quia
791 3424 879 3474 forma
893 3419 1001 3472 fulmini
1015 3419 1145 3472 inducta:
1157 3419 1278 3490 infamare
1303 3431 1304 3442 ¹

251 3496 371 3547 Vulcano
384 3494 440 3564 tad.
792 3503 862 3554 enirn
888 3512 915 3552 et
935 3499 1085 3571 desumere
1107 3501 1229 3570 pictoria
1246 3507 1277 3547 aut

287 3576 348 3640 far.
364 3577 494 3628 Strictum
505 3576 657 3648 Chalybum.
670 3581 748 3633 Stric-
792 3581 925 3632 statuaria
937 3591 1001 3630 sunt
1013 3579 1148 3630 vocabula
1161 3601 1168 3630 :
1182 3593 1208 3630 et
1219 3576 1279 3646 inscr-

253 3665 310 3704 tura
326 3669 365 3706 est
377 3669 447 3708 terra
459 3658 522 3708 farri
534 3659 562 3708 iu
577 3677 690 3712 massam
703 3679 747 3711 co·
791 3659 885 3722 matio,
900 3659 1041 3725 rnroypaafa
1051 3670 1109 3709 est:
1125 3660 1165 3709 ita
1175 3658 1279 3729 informa·

255 3745 321 3784 acta.
333 3734 462 3807 Chalybes
477 3750 564 3788 autem
575 3743 684 3810 proprie
697 3759 747 3810 po·
792 3749 860 3803 tum,
872 3755 926 3788 non
937 3752 978 3790 est
988 3738 1119 3802 informo,
1129 3739 1188 3789 sine
1199 3740 1277 3791 forna

246 3811 310 3879 puli
326 3827 399 3875 sunt,
413 3815 485 3884 apud
494 3835 561 3885 quos
570 3822 749 3871 nasciturfer-
792 3817 839 3869 sed
854 3817 956 3868 babens
969 3817 1085 3869 formam
1098 3817 1210 3879 rudem,
1223 3817 1278 3882 cnjus

253 3907 318 3938 rum.
326 3890 669 3947 NouiusMancelluslocum
677 3897 748 3949 hano
791 3915 854 3970 pars
865 3897 966 3968 polita,
977 3914 1043 3968 pars
1057 3897 1227 3968 imperfecta.

253 3969 331 4032 citat,
343 3971 515 4040 exponitque3
531 3977 680 4027 «strictura
688 3990 749 4028 snut
827 3977 888 4044 429.
901 3977 1085 4029 Tresimbris..
1096 3988 1144 4029 tres
1155 3977 1237 4038 nubis,
1245 3983 1277 4023 etc.

252 4046 401 4096 scintille.»
417 4048 443 4096 A
457 4050 603 4121 strinyenda
620 4073 682 4106 vero
695 4057 749 4108 acie
793 4057 900 4127 Optime
913 4067 996 4128 poeta
1013 4057 1042 4108 in
1053 4057 1198 4110 materiam
1208 4051 1279 4106 fului·
