2644 4614
277 303 837 370 INAENEIDOSLIB.V111.
1011 313 1073 400 509

36 425 137 484 fecta:
159 447 228 508 pars
245 426 298 486 illa
313 426 445 486 formata
458 439 538 500 erat,
560 448 628 505 quae
642 425 680 484 ad
698 419 800 487 radios
815 430 961 509 pertinet,
982 444 1011 492 et
1027 436 1077 495 isti

37 514 128 570 nmni
144 534 178 572 ex
194 529 280 594 parte
294 517 392 574 terni:
414 535 503 594 ergo,
523 514 596 593 quia
608 510 673 572 haec
688 534 757 593 pars
767 512 831 593 jam
844 515 990 590 formata3
1010 541 1077 580 non

37 601 175 680 perfecto
188 604 282 664 modo
299 619 454 685 tempore,
471 602 522 662 sed
539 601 640 661 adhue
656 601 983 684 plusquamperfecto,
997 609 1078 668 addi·

35 687 150 749 derant.
166 693 238 750 Erat
248 689 313 752 haec
324 693 493 753 substantia
504 691 659 751 fulminis:
671 712 740 772 pars
749 692 803 750 illa
813 707 877 752 erat
886 696 1078 776 imperfecta,

38 797 111 855 quae
123 779 255 857 pertinet
272 778 310 838 ad
324 779 511 840 accidentia:
526 777 668 838 nondum
681 782 763 838 enim
775 778 927 859 fulgores,
942 786 1078 860 sonitus,

38 875 158 939 metus,
179 864 328 940 flammae,
350 867 420 940 iraa3
445 866 514 926 ideo
531 878 670 946 tempore
690 866 885 948 imperfecto,
906 869 1079 932 miscebant:

38 972 135 1012 nemo
154 956 238 1014 enim
254 967 361 1038 neget,
382 959 459 1037 quin
476 956 603 1016 fulmini
621 949 762 1016 accidant
780 959 915 1032 sonitus,
935 981 1080 1039 pavores,

38 1055 158 1116 metus,
179 1056 234 1104 etc.
255 1044 400 1127 Expende
417 1045 517 1106 adhuc
537 1045 597 1105 boc
614 1059 764 1128 apparatu
782 1046 909 1112 formari
929 1048 1080 1127 fulmina,

39 1130 117 1208 quia
133 1128 199 1190 haec
217 1153 381 1215 nunquam
400 1135 466 1194 sine
483 1135 621 1193 tonitru:
644 1135 729 1214 atqui
750 1135 901 1192 tonitrum
919 1156 1082 1216 nunquam

37 1217 108 1274 sine
124 1216 279 1294 nubibus,
302 1234 332 1280 et
350 1222 464 1296 ventis;
486 1222 574 1281 sicuti
595 1241 695 1301 neque
712 1219 847 1278 fulmina
862 1221 928 1280 sine
943 1221 1082 1304 fulgore,

38 1317 142 1378 metu,
155 1307 211 1367 ira.

81 1391 150 1466 433.
173 1397 207 1455 ln
228 1399 289 1458 alia
308 1399 441 1460 officinae
460 1411 548 1481 parte
567 1396 800 1459 fabricabantur
816 1418 938 1472 currus,
960 1411 989 1459 et
1007 1413 1083 1461 rotat

38 1479 150 1540 Martis
162 1483 317 1546 bellorum
330 1488 403 1561 Dei,
424 1488 534 1567 quibus
547 1487 598 1546 ille
614 1486 692 1546 solet
708 1483 829 1545 metum
838 1487 986 1546 universis
999 1487 1084 1548 incu-

40 1581 126 1625 tere:
143 1568 180 1628 de
192 1567 252 1630 hoc
264 1594 372 1654 opere,
387 1573 548 1646 instabant,
564 1575 637 1654 quia
649 1594 749 1654 neque
761 1573 836 1632 dum
849 1572 975 1632 facturn.

81 1651 151 1726 435.
165 1655 270 1718 Labor
284 1661 426 1735 ultimus,
440 1662 521 1741 AEgis
536 1661 691 1736 Palladis,
702 1681 770 1742 quae
788 1675 817 1719 et
832 1658 933 1720 adhuc
947 1662 1013 1741 ipsa
1027 1681 1082 1740 po-

38 1742 193 1806 liebatur:
209 1749 286 1808 mire
298 1741 380 1810 lianc
392 1749 552 1824 describit,
573 1762 602 1809 et
615 1747 653 1808 ad
665 1749 844 1822 horrorem3
858 1751 1007 1808 sententia
1022 1764 1083 1825 est,

41 1835 138 1913 poliri
153 1840 288 1896 certatim
305 1839 343 1898 ab
358 1840 503 1898 omnibus
515 1838 621 1919 AEgida
636 1840 804 1918 squammis
819 1852 1011 1919 serpentum,
1028 1860 1083 1898 au·

40 1943 158 2002 roqne,
174 1923 278 2000 idest,
293 1928 461 2007 squammis
475 1929 591 1986 aureis:
612 1927 645 1985 in
658 1925 762 1984 medio
779 1945 851 1984 vero
865 1924 996 2004 AEgidis,
1015 1946 1083 2006 quae

41 2031 116 2092 pars
129 2009 168 2070 ad
181 2025 283 2092 pectus
295 2015 381 2075 Divae
394 2013 568 2088 statuenda,
582 2028 646 2073 erat
658 2027 750 2094 caput
763 2013 936 2092 Gorgonis,
951 2015 1000 2072 cui
1012 2034 1085 2073 con-

41 2101 114 2159 nexi
133 2121 247 2184 angues
264 2125 320 2185 pro
337 2106 490 2164 crinibus:
512 2102 650 2164 vertebat
663 2123 735 2162 vero
753 2101 857 2161 oculos
876 2103 908 2158 in
922 2099 1084 2183 obliquam

40 2200 181 2334 parteml,
196 2193 249 2270 qui
262 2191 387 2272 quidem
400 2205 444 2251 est
456 2193 531 2252 irate
543 2192 730 2272 respicientis
742 2187 884 2261 habitus,
899 2199 968 2267 post
979 2187 1082 2248 desec-

42 2291 114 2336 tum
126 2296 162 2336 co
176 2277 252 2335 luna.

42 2411 87 2459 nis
97 2408 175 2460 vertit
185 2425 217 2459 ea
226 2425 257 2459 ex
267 2407 363 2478 quibus
374 2409 474 2461 fulmen
483 2427 544 2460 nas·
588 2423 676 2462 autem
683 2409 754 2480 parti
762 2409 878 2478 assignat
885 2418 937 2458 tres
946 2406 1085 2478 cuspides,

43 2491 128 2550 citur3
144 2486 245 2538 scilicet
256 2487 428 2558 grandinem,
444 2489 543 2554 nubea,
587 2501 617 2540 ut
630 2505 720 2540 ornnes
733 2489 786 2538 sint
798 2484 953 2548 duodecim3
971 2485 1031 2538 vide
1044 2501 1085 2558 ty-

45 2571 136 2639 ignem
149 2577 175 2618 et
186 2578 310 2622 ventum:
324 2585 385 2618 nam
396 2567 545 2620 solenttor·
587 2585 637 2639 pos
659 2587 691 2620 ex
711 2567 827 2637 antiquis
846 2565 1039 2632 marmoribus,
1061 2579 1087 2618 et

45 2641 546 2719 queritonitrua,velprandinantecoe·
589 2660 666 2699 notas
678 2645 732 2698 vol.
745 2648 793 2711 lll,
809 2663 869 2717 pag.
885 2643 944 2712 439.

46 2728 88 2790 lo,
108 2725 150 2778 vel
172 2727 300 2778 ruentibus
319 2726 419 2798 magnis
435 2726 544 2798 pluviis,
607 2725 685 2792 Ι431.
719 2723 840 2796 Falpores
864 2741 934 2773 nunc
958 2724 1018 2774 terri
1038 2741 1086 2776 cos.

47 2806 91 2859 vel
100 2823 157 2856 aere
166 2815 300 2869 actitante,
315 2805 357 2856 vel
368 2805 546 2882 ventisflanti-
591 2807 664 2873 Quas
671 2804 798 2875 lulgetras
807 2803 908 2853 dicunt.
917 2803 1090 2854 -Sont'tum-

46 2889 101 2938 bus.
122 2883 285 2936 Grandinem
301 2884 420 2956 intelligo
435 2903 484 2955 por
498 2885 547 2934 im·
592 2896 865 2960 quemammqaemon
874 2901 952 2952 quem
962 2881 1088 2947 habeant,

48 2968 119 3018 brem
133 2974 241 3027 tarnim,
259 2965 286 3014 in
299 2980 352 3033 quo
368 2975 471 3015 tantum
484 2981 547 3014 con·
593 2966 640 3018 sed
650 2984 729 3036 quem
738 2965 868 3027 inferant,
879 2973 906 3013 et
917 2980 965 3033 per
976 2962 1089 3013 sonitum

49 3045 137 3097 sentio
148 3063 211 3096 cum
223 3043 331 3096 Servio:
349 3062 425 3110 nam,
444 3063 501 3114 quae
515 3043 548 3095 de
592 3047 711 3098 tonitrua
719 3041 849 3103 ostendit}
860 3060 908 3112 per
918 3051 1030 3105 metam,
1039 3042 1090 3092 ful-

48 3125 137 3177 hieme
150 3126 200 3189 ait,
212 3125 321 3176 omnino
332 3136 418 3175 errat:
431 3123 549 3193 pluviam
593 3139 680 3198 genas
690 3146 695 3174 ς
705 3123 810 3176 ethnae
818 3121 939 3172 ordinem
947 3123 984 3172 sic
992 3112 1090 3190 posuit,

48 3209 220 3267 immensam,
239 3222 288 3273 per
301 3221 425 3274 aquosam
439 3203 547 3252 nubem:
594 3203 784 3256 uthominibus
794 3201 911 3261 videtum
926 3219 986 3250 nam
999 3219 1092 3252 revera

50 3295 206 3336 aestuantem
216 3281 326 3333 flammis
339 3299 439 3348 aerem,
453 3299 500 3351 per
513 3281 550 3352 tq·
593 3286 668 3355 prior
689 3297 728 3334 est
746 3281 848 3332 collisio
871 3279 997 3344 nubium,
1018 3279 1091 3331 unde

50 3382 112 3415 nem
125 3384 132 3411 :
150 3359 228 3414 flatus
240 3373 380 3412 ventorum
393 3379 509 3432 agnosco
522 3363 549 3410 in
594 3365 661 3435 ignis
670 3356 1091 3429 emunat.N0sautemideoprius

51 3443 160 3502 Austro,¹
175 3439 219 3491 hic
231 3443 303 3493 enim
317 3453 411 3492 ventus
425 3459 478 3511 prae
491 3438 550 3492 aliis
594 3443 722 3514 fulgetras
739 3439 858 3491 videmus
876 3456 956 3508 quam
974 3440 1093 3492 tonitrua

51 3522 157 3594 positus
169 3517 221 3569 κατ’
232 3516 329 3584 ἰξοχὲνς
339 3537 400 3570 nam
412 3539 444 3570 eo
457 3519 551 3583 flante,
596 3521 731 3584 andimus,
742 3519 806 3590 quia
812 3518 930 3570 velocior
940 3517 1093 3585 oculorum,

52 3601 246 3674 pertinaciores
254 3615 311 3649 esse
320 3598 406 3650 solent
415 3611 553 3670 tempesta·
597 3619 676 3673 quam
689 3601 791 3652 aurium
802 3616 902 3650 sensus.
917 3598 987 3649 Serv.

52 3696 109 3732 tes:
120 3696 197 3750 ergo,
207 3678 352 3748 compingit
362 3691 440 3747 poeta
447 3677 499 3728 hoc
508 3678 553 3728 Jo·
633 3679 692 3746 436.
699 3679 971 3750 Squamissetpcntam
981 3697 1096 3751 auroque

54 3761 95 3810 vis
105 3757 221 3821 fulmen,
232 3757 384 3825 formatque
395 3755 462 3806 illud
472 3757 554 3826 parti·
596 3757 722 3829 polibant.
733 3756 827 3827 AEgida
837 3756 997 3807 horriferum
1007 3761 1094 3810 aureis

54 3840 160 3900 bus‚nt
167 3835 212 3888 det
219 3836 282 3887 huic
289 3835 346 3887 Deo
354 3835 470 3900 fulmen,
481 3835 555 3905 quod
599 3837 716 3907 squamis
728 3849 881 3905 serpentum
892 3839 1012 3888 certatim
1025 3837 1095 3907 pali-

52 3917 188 3990 jaculetur
199 3915 250 3968 hac
263 3915 431 3986 quadruplici
443 3927 555 3986 tempes·
598 3917 673 3968 bant.
688 3914 741 3966 Alii
756 3913 850 3966 volunt
866 3933 958 3966 revera
972 3914 1005 3966 tle
1020 3919 1094 3968 corio

54 4011 141 4052 tatum
163 3997 371 4068 opportunitate.
404 3996 554 4066 Unicuique
599 4007 751 4067 serpentum
768 3993 856 4048 dicere
870 4013 931 4046 eum
948 4011 1022 4045 arma
1037 4011 1094 4046 esse
