2700 4586
325 307 377 370 IN
401 304 638 372 AENEIDOS
662 305 753 370 LIB.
778 309 803 372 Ι.
843 393 847 403 r
1043 317 1083 404 47

79 432 145 491 310.
159 430 313 490 Abiturus
326 428 461 488 consulit
473 427 576 503 classi,
591 427 750 500 occultans
763 427 850 490 illam
862 431 920 491 sub
933 437 1088 519 nemoris,

46 520 123 601 quod
136 541 235 602 supra
250 519 471 600 descripserat,
490 517 699 593 convexitate,
721 532 752 578 et
765 521 897 580 cavitate
911 525 1008 604 rupis.
1029 525 1088 584 Sed

47 610 112 690 quid
131 623 196 683 est,
216 607 326 670 occulit
339 606 459 668 classem
477 606 608 668 clausam
624 607 793 668 arboribus?
809 610 857 670 Sic
873 612 994 692 explica
1008 613 1090 672 clau·

47 697 113 758 deus
128 697 280 772 classem,
301 695 418 758 occulit
432 695 518 756 illam
534 695 715 770 arboribus,
731 693 817 776 juxta
832 711 921 758 notas
936 702 1090 777 Turnebi,
1105 720 1106 723 ’

47 802 72 846 ct
82 786 251 868 Gipbanii3
265 789 298 846 in
313 785 376 846 illis
389 783 567 846 horrentibus
579 783 699 858 umbris,
719 785 832 845 alludit
853 787 891 846 ad
915 793 1091 870 superiora,

49 874 227 958 horrentique
241 889 339 936 atrum
351 896 452 937 namus
464 876 596 934 imminet
607 871 717 933 umbra.
733 876 800 934 Hoc
813 874 914 952 facto,
926 881 983 960 ipse
994 882 1090 964 pradi-

50 977 89 1023 tur
96 968 255 1028 comitatus
265 964 392 1038 Achate,
406 968 536 1046 crispans
546 985 652 1036 manu,
664 962 787 1042 vibrans
797 985 833 1024 ac
847 980 1009 1048 torquens,
1023 971 1091 1032 bino

50 1049 158 1113 hastilia
175 1051 338 1136 latoficrm,
353 1053 442 1112 binas
452 1051 574 1128 hastas,
587 1051 701 1132 quibus
712 1051 874 1133 praefixum
888 1055 985 1116 latum
997 1056 1092 1118 ferrass

48 1154 195 1202 mentum.
218 1141 398 1202 Traducunt
414 1142 596 1222 interpretes
613 1142 800 1200 sententiam
819 1141 902 1202 banc
917 1144 956 1202 ad
971 1151 1091 1230 sapien·

49 1228 121 1286 tiam
135 1231 251 1304 AEneae,
264 1233 319 1312 qui
333 1250 350 1289 e
364 1231 437 1290 navi
452 1228 626 1310 egreditur,
640 1249 705 1288 non
718 1229 818 1305 solus,
833 1248 935 1312 neque
947 1234 1092 1312 inermis,

49 1337 85 1376 ne
97 1319 157 1377 sibi
170 1319 329 1380 confidere
340 1319 514 1394 videretur,
530 1317 615 1400 quod
631 1331 676 1378 est
689 1320 890 1379 temeritatis:
906 1343 971 1382 non
986 1324 1091 1384 multi-

50 1405 154 1466 tudine
166 1410 318 1490 stipatae,
337 1429 403 1468 non
417 1409 511 1468 armis
525 1420 673 1482 onustus,
694 1406 778 1488 quod
792 1421 870 1468 esset
881 1412 1020 1472 timoris:
1036 1415 1094 1474 ita·

51 1515 106 1573 que
120 1494 233 1557 habita
248 1511 294 1557 est
308 1499 388 1558 ratio
402 1510 432 1556 et
446 1496 524 1570 loci,
544 1510 575 1556 et
586 1496 755 1576 temporis:
773 1494 861 1556 locus
874 1501 972 1575 enim,
990 1514 1025 1560 ut
1039 1503 1093 1582 qui

51 1582 241 1666 incognitus,
257 1607 323 1646 non
333 1586 533 1668 permittebat
544 1587 587 1643 ire
597 1587 665 1643 sine
674 1584 767 1644 armis
778 1605 785 1641 ι
799 1597 921 1667 tempus
932 1609 1006 1648 vero
1018 1589 1093 1650 cele·

7 1709 8 1756 3
52 1667 355 1756 rem'maturumque
370 1671 504 1733 reditum
521 1671 559 1732 ad
580 1673 681 1730 socios
696 1672 883 1752 postulabat.
903 1676 1011 1734 Visum
1029 1697 1094 1736 non

7 1769 8 1784 ¹
53 1757 106 1817 ista
120 1759 259 1820 aliorum
272 1765 431 1836 omittere,
442 1775 477 1820 ut
485 1761 591 1820 videas
601 1759 682 1820 nihil
693 1761 761 1819 eine
771 1759 922 1838 consilio,
933 1777 963 1822 ct
972 1767 1094 1826 ratione

54 1841 114 1904 ficri
126 1847 165 1906 ab
178 1847 241 1910 hoc
252 1864 332 1910 vate.
1063 1894 1064 1900 κ

89 1932 155 2008 3ι4.
173 1937 399 2018 Opportunum
415 1937 487 1996 satis
502 1935 663 1996 fictionem
679 1935 872 2020 aggreditur,
894 1959 955 2019 qna
971 1942 1094 2018 AEneas,

54 2023 105 2101 qui
120 2023 231 2106 Libyae
247 2027 315 2086 loca
333 2024 494 2108 explorare
510 2024 731 2101 destinaverat,
747 2025 786 2084 de
802 2027 893 2085 rebus
909 2032 997 2109 regni
1012 2031 1098 2090 illius

54 2107 216 2174 doceretur
233 2137 250 2174 a
273 2130 371 2176 matre
388 2118 521 2190 Venere,
540 2117 705 2174 venatricis
722 2113 873 2196 Nymphae
889 2113 1097 2200 habitumque

54 2199 235 2284 cultumque
246 2203 458 2266 assimulante.
476 2206 584 2285 Itaque
598 2217 690 2264 mater
699 2203 782 2263 facta
796 2202 862 2262 filio
878 2204 975 2282 obuia,
994 2207 1100 2270 obtulit

54 2306 107 2346 sese
125 2288 173 2354 illi
194 2293 227 2350 in
248 2292 342 2352 media
360 2291 454 2373 plor,
475 2312 624 2374 percusos
644 2289 960 2374 habiarmquevitpinis
974 2309 1099 2355 etanna

7 2319 9 2438 i
55 2377 171 2457 uirqinis
187 2383 353 2462 Spartana.
371 2383 425 2441 Est
442 2383 551 2462 Sparta
566 2393 595 2439 et
611 2379 814 2442 Lacedamon
831 2381 905 2442 urbs
924 2382 1049 2462 eadem,
1067 2398 1100 2446 et

7 2523 8 2540 ,
56 2482 145 2546 caput
160 2472 321 2546 Laconiae3
342 2471 396 2531 ubi
412 2473 549 2552 virgines
566 2491 603 2531 ex
615 2472 759 2531 instituto
774 2471 907 2554 ’Lycurgi
921 2477 1100 2535 exerceban-

56 2563 105 2611 tur
117 2557 355 2634 venationibus,
367 2559 467 2634 lucta,
479 2579 581 2619 cursu.
601 2561 720 2619 Natant
733 2558 879 2619 nonnulli
895 2561 1025 2622 indicari
1035 2562 1099 2622 boc

56 2637 125 2703 loco
136 2648 365 2708 continentiam
377 2650 492 2724 AEneae,
509 2650 578 2730 qui,
597 2650 663 2708 visa
678 2650 712 2707 in
724 2647 853 2708 desertis
867 2652 947 2728 agris
959 2649 1102 2731 pulcher·

7 2803 8 2810 ἵ
57 2731 298 2813 rimaloemina,
318 2737 436 2798 nullius
455 2739 636 2820 cupiditatis
654 2737 807 2797 indicium
824 2735 962 2796 dederit:
982 2751 1012 2796 et
1031 2751 1102 2818 apte

7 2825 8 2830 ’
57 2813 117 2877 boc
132 2834 258 2899 notant3
280 2827 401 2886 namin
416 2847 472 2886 suo
487 2828 582 2885 AEnea
596 2835 797 2904 representat
810 2821 864 2881 hic
878 2837 977 2898 vates,
993 2825 1103 2905 quales

59 2925 120 2966 esse
136 2907 271 2970 debeant
289 2933 390 2972 mores
409 2915 602 2994 principum.
620 2911 735 2989 Pergit.
757 2907 812 2972 Vel
825 2907 921 2990 qualis
934 2909 1102 2994 Harpalyce

62 2995 203 3075 Threissa,
214 3023 250 3062 ea
259 3003 374 3079 forma,
385 3024 445 3084 qua
456 3023 475 3062 a
484 2998 763 3074 NostroPhcenissu,
774 3014 805 3060 et
813 2999 930 3082 Libyssa
941 3023 958 3061 a
969 3001 1106 3078 Catullo,

54 3092 270 3174 fatiqatequas,
282 3113 348 3152 non
357 3111 442 3168 suos,
451 3094 495 3152 ait
504 3091 674 3166 Corradus3
687 3088 736 3150 his
746 3091 829 3150 enim
840 3092 865 3149 si
877 3104 1025 3166 uteretur,
1037 3109 1104 3150 non

60 3177 241 3240 laudaretur
255 3201 274 3239 a
285 3181 455 3257 celeritate,
470 3199 573 3262 neque
583 3179 750 3262 quadraret
762 3181 954 3260 comparatio
966 3198 1037 3238 curn
1051 3179 1106 3236 Vc·

62 3289 133 3329 nere
146 3270 273 3351 pedite:
293 3271 621 3354 praevertituruuefuqa,
642 3267 674 3328 id
688 3283 747 3346 est,
762 3288 869 3344 cursu,
882 3267 1013 3327 Hebrum
1025 3263 1106 3325 volu-

62 3375 134 3415 crem
140 3382 152 3431 ,·
164 3379 241 3417 nam
256 3356 309 3416 bic
324 3357 437 3417 fluvias
451 3357 676 3439 rapidissimus.

100 3447 168 3506 318.
181 3445 296 3507 Reddit
305 3449 474 3523 rationem,
487 3467 543 3508 cur
555 3460 633 3506 essct
645 3444 755 3504 similis
764 3445 922 3522 Spartanae
932 3442 1064 3523 virgini,
1076 3453 1107 3502 ct

62 3533 174 3614 puellae
196 3533 396 3616 Harpalycae3
416 3535 489 3594 idco
512 3535 623 3615 incipit
642 3553 660 3591 a
681 3529 835 3612 particula
852 3548 986 3608 uanique.
1008 3529 1109 3610 Ergo,

61 3623 261 3704 mipenderat,
275 3638 310 3684 ut
323 3625 455 3684 vctwtrix
466 3643 562 3705 quam
575 3619 793 3694 assimulabat,
806 3637 906 3677 arcum
922 3614 1063 3693 habilem,
1077 3630 1109 3678 ct

96 3785 159 3838 315.
175 3786 203 3840 V
201 3785 290 3859 irpinis
301 3785 330 3838 os'
342 3784 510 3858 habitumque
524 3803 568 3856 qe-
612 3801 710 3854 corpus
722 3794 801 3834 sunt:
816 3793 843 3834 et
858 3778 926 3831 bene
938 3796 1040 3852 percus,
1053 3797 1109 3830 non

63 3883 126 3917 nus.
141 3864 252 3916 Vultum
262 3879 289 3918 et
301 3867 444 3918 amictum:
459 3865 568 3917 habitus
611 3863 731 3928 babens,
749 3861 822 3933 quod
835 3863 1033 3934 geriputantur
1047 3859 1110 3912 alie·
1172 3931 1178 3939 α

64 3945 138 4017 apud
155 3959 257 3998 veteres
271 3945 425 4012 dicebatur,
439 3959 494 3998 tam
507 3964 568 3996 cor·
612 3963 656 3998 na.
668 3946 736 3996 Seru.

65 4030 159 4096 poris,
178 4045 260 4097 quam
280 4044 375 4080 eorum
393 4043 451 4097 que
472 4037 569 4096 preter
649 4025 710 4078 318.
722 4025 849 4077 Demere.
864 4018 1024 4076 Venantum}
1038 4019 1108 4070 Serv.
