2670 4596
227 335 266 376 22
556 297 936 368 COMMENTARIA

222 433 374 514 Trojano3
393 443 460 490 tum
480 424 566 510 quod
586 425 757 486 ceciderint
776 439 847 488 ante
866 445 920 488 ora
939 447 1070 492 suorum
1088 445 1274 512 parentum3

223 539 288 586 tum
303 519 389 605 quod
404 522 436 579 in
453 530 624 598 conspectu
640 515 760 594 Trojae:
780 535 854 576 nam
871 515 949 599 quid
966 515 1090 580 felicius
1107 522 1272 594 morienti,

223 633 319 695 quam
331 609 447 670 habere
459 619 569 666 testem
585 625 649 664 suae
660 605 802 692 virtutis,
821 624 886 686 quo
898 597 1022 680 calent,
1040 609 1096 690 qui
1111 609 1226 670 misere
1240 609 1272 668 in

224 702 304 760 mari
318 695 467 782 pereunt?

262 792 310 870 96.
323 784 521 871 Apostrophe
536 782 576 844 ad
590 781 859 864 Diomedemqqui
872 781 956 844 filius
967 783 1079 865 Tydei3
1094 799 1187 868 optat
1198 805 1270 846 vero

224 879 374 940 cecidisse
397 878 456 937 sub
478 873 535 936 illo
557 872 664 947 hoste0
686 893 759 936 cum
780 893 844 954 quo
866 871 907 934 ad
923 873 1050 953 'frojam
1066 890 1271 957 pugnaverat„

223 967 280 1027 Est
293 989 367 1033 vero
381 969 413 1026 in
428 966 496 1028 istis
511 963 608 1022 tacita
618 963 721 1030 AEneae
735 959 819 1036 laus⁹
839 975 907 1024 tum
919 963 996 1044 quia
1010 983 1084 1026 ctam
1098 961 1271 1026 1οηίεεὶωο

225 1057 406 1118 Graecorum
419 1053 620 1137 pugnaverit,
630 1071 733 1132 neque
742 1054 844 1112 victus
855 1050 964 1114 fuerit:
977 1066 1044 1115 tum
1054 1055 1184 1136 quisita
1195 1075 1272 1136 pug-

223 1147 357 1219 naverit,
368 1158 403 1203 ut
415 1141 550 1204 voluerit
561 1137 764 1214 occumbere,
777 1139 905 1202 sednon
915 1142 1072 1222 potuerit:
1084 1162 1162 1224 narn
1174 1163 1271 1224 quan·

222 1246 289 1292 tum
307 1234 338 1300 in
356 1253 388 1294 se
405 1229 479 1306 fuit,
497 1231 564 1310 ipsc
580 1225 682 1296 voluit
696 1229 787 1288 mori.
802 1229 916 1288 Versus
931 1225 999 1303 ille,
1017 1232 1269 1310 tuaquemrt'mcm

222 1319 299 1380 hane
315 1319 463 1403 ‹assandere
477 1317 593 1389 *dextra
614 1329 699 1374 totus
715 1314 782 1384 ¹lere
797 1318 983 1398 exprimitur
999 1337 1070 1387 cum
1086 1315 1179 1380 hiatu
1190 1319 1269 1390 oris;

222 1421 259 1467 ut
277 1405 414 1469 declaret
432 1407 538 1488 ipsum
558 1417 664 1464 actum
683 1405 794 1466 anime
813 1403 947 1466 volentis
966 1406 1063 1478 exire3
1084 1402 1167 1484 fugit
1187 1406 1269 1468 enim

221 1511 308 1557 vates
324 1495 468 1558 consulto
479 1494 548 1554 illas
558 1492 693 1570 litterae,
705 1514 776 1576 quae
785 1496 973 1577 compressis
982 1493 1075 1556 labiis
1085 1493 1268 1559 efferuntur.

220 1587 396 1668 Exaggerat
415 1585 457 1646 ad
478 1584 573 1644 finem
593 1583 805 1648 calamitatem
824 1605 914 1646 suam
932 1583 972 1648 ab
991 1587 1142 1660 Hectore,
1158 1587 1267 1668 Sarpe-

221 1675 319 1752 done,
332 1677 476 1757 Trojanis
487 1673 617 1756 reliquis
629 1696 635 1730 :
650 1673 765 1755 quibus
777 1675 911 1754 contigit
921 1688 1010 1736 tanta
1022 1671 1173 1750 felicitas,
1185 1687 1222 1734 ut
1229 1671 1267 1732 ad

219 1764 347 1844 Trojam
362 1764 512 1826 caderent
527 1762 584 1822 sub
600 1760 691 1824 hoste
707 1762 822 1837 nobili,
844 1763 962 1824 Hector
976 1761 1017 1824 ab
1034 1761 1158 1823 Achille
1178 1765 1269 1822 inter·

185 1897 190 1920 ,
219 1851 333 1929 fectus,
355 1851 514 1935 Sarpedon
536 1871 553 1910 a
574 1849 730 1912 Patroclo,
756 1852 935 1912 desumitur
952 1853 1124 1911 Simoentis
1148 1851 1266 1910 mentio

220 1963 292 2004 cum
304 1940 447 2023 emphasi
459 1962 465 1998 :
479 1939 569 2021 quasi
582 1936 684 2000 dicat:
699 1941 725 1997 si
737 1937 938 2002 moriendum
950 1941 1040 2020 aquis
1052 1952 1135 2013 erat,
1146 1951 1267 2020 quanto

220 2027 332 2090 melius
346 2040 530 2110 oportuerat
541 2023 835 2104 cadere'Trcjanum
846 2025 1010 2090 bominem
1024 2025 1110 2108 apud
1125 2025 1265 2106 Trnjam,
1324 2103 1325 2106 Ἴ

220 2131 251 2176 et
265 2119 297 2176 in
309 2117 410 2197 Trojae
422 2116 566 2189 flumine,
578 2113 632 2174 ubi
646 2112 699 2175 alii
712 2113 876 2192 lectissimi
889 2113 1081 2176 ceciderunt.

262 2227 326 2280 top.
344 2203 539 2270 Describitur
554 2199 752 2282 naufragium
765 2202 835 2282 ejus
849 2204 953 2278 navis,
971 2225 1032 2285 qno
1045 2205 1158 2266 AEnffls
1173 2199 1265 2264 veho.
1324 2201 1325 2245 t

134 2305 136 2311 ’
152 2337 155 2344 .
220 2293 323 2357 batur.
337 2295 372 2354 ln
385 2293 467 2368 hanc
480 2311 607 2366 narem,
619 2304 656 2353 ut
667 2293 843 2373 principem
859 2290 1006 2367 aliarum,
1016 2291 1126 2354 educit
1139 2289 1266 2372 Aquilo·

220 2400 294 2440 nem
310 2373 476 2462 ventorum
493 2380 679 2460 principem.
696 2382 778 2460 Ergo
791 2378 1052 2461 procellarnm
1065 2378 1267 2462 Aquilonefe·

221 2470 260 2528 rit
272 2465 366 2528 velum
381 2493 389 2526 .·
409 2488 447 2536 en
466 2469 568 2548 prima
584 2467 653 2547 ejus
669 2469 757 2528 navis
775 2467 947 2533 calamitas.
967 2467 1026 2532 Sed
1044 2489 1102 2550 cnr
1117 2467 1185 2532 bne
1197 2488 1266 2548 pro·

221 2556 300 2619 cella
311 2557 450 2630 adversa?
464 2559 542 2634 Nam
558 2556 671 2639 Aquilo
684 2573 793 2621 contra
806 2561 922 2622 Notum
936 2556 1092 2640 spirabat,
1104 2571 1144 2617 ut
1156 2555 1265 2618 classis

219 2647 392 2711 deferretur
413 2647 451 2708 ad
473 2645 609 2712 tinem
630 2651 819 2711 contrariam
843 2649 1077 2730 Septemtrioni.
1102 2649 1263 2729 Sequitur,

211 2738 377 2821 fluctusque
399 2736 440 2796 ad
459 2735 551 2798 sidera
573 2733 656 2800 toltit.
676 2737 744 2796 Hoc
763 2735 983 2818 hyperbolice,
1003 2735 1043 2796 sd
1062 2733 1265 2798 indicandam

217 2825 468 2906 magnitudinem
484 2827 688 2906 tempestatis.
705 2823 789 2902 Quid
804 2823 970 2906 praterea?
980 2824 1169 2907 fmnqmw·
1176 2824 1265 2894 remi,-

218 2936 257 2974 en
270 2913 406 2978 secunda
419 2912 590 2980 calamitas.
602 2916 721 2989 Tertia,
733 2916 836 2978 evenit
846 2935 876 2974 se
885 2933 987 2995 prore,
1000 2911 1214 2994 inclinatque,
1229 2930 1263 2972 ac

217 2999 348 3083 perinde
364 3000 416 3060 dat
432 2998 505 3062 latas
523 3000 621 3075 undis,
640 3023 703 3083 quo
721 3004 788 3066 istae
805 3001 1032 3084 inrumpentia
1044 3001 1165 3064 narina·
1179 3001 1266 3065 lnn-
1323 3065 1324 3068 ,

216 3111 291 3174 pere
310 3109 383 3150 vero
405 3091 449 3148 ita
470 3088 576 3149 multae
597 3110 700 3172 aquae,
720 3105 757 3151 ut
774 3113 882 3173 posses
904 3089 1064 3174 appellare
1083 3105 1263 3172 proemptum
1323 3153 1324 3161 ,

216 3200 359 3260 aquaram
369 3189 511 3240 montem:
523 3178 752 3261 innuitquippe
760 3199 944 3261 magnarum
951 3177 1110 3240 tmdm'um
1121 3177 1260 3258 globum.

217 3265 331 3340 Vidisti
343 3265 527 3329 inclinatam
541 3263 637 3327 fuisse
651 3279 781 3347 proram
792 3270 823 3330 vi
835 3265 999 3349 procella,
1009 3280 1042 3331 et
1056 3263 1161 3329 adbuc
1173 3263 1264 3328 incli-

215 3358 370 3416 natiorem
391 3355 487 3415 fuisse
508 3353 646 3437 pondere
667 3371 699 3416 ct
720 3356 814 3437 globo
836 3377 1004 3439 aquarum,
1026 3376 1096 3437 quae
1116 3374 1261 3436 peream

216 3457 339 3524 partem
351 3445 490 3525 irrupere
497 3467 506 3520 ;
518 3442 591 3504 inde
601 3464 726 3506 necesse
737 3461 798 3521 est,
810 3458 847 3506 ut
858 3459 1012 3528 quantum
1023 3441 1171 3524 depressa
1183 3454 1263 3502 esset

255 3579 312 3614 ror.
325 3564 413 3614 Fortia
426 3583 540 3636 corpora.
556 3567 587 3618 ld
604 3579 659 3634 est,
675 3571 714 3619 ri·
759 3569 829 3620 relas
841 3570 898 3619 sine
910 3569 1016 3632 fructu,
1029 3564 1101 3636 qnod
1112 3565 1206 3616 lllneae
1218 3581 1261 3614 ac·

216 3643 446 3706 renuntiarem,
461 3646 534 3698 nulla
549 3649 619 3699 enim
632 3661 671 3700 est
684 3650 713 3700 in
758 3646 909 3699 oiditznam
918 3645 1072 3716 loquentem
1080 3642 1158 3696 illum
1166 3644 1260 3716 saevior

215 3722 328 3775 mortuis
337 3720 476 3772 fortitudo.
492 3724 560 3775 Serv.
758 3725 845 3778 adhuc
857 3724 977 3797 procella
987 3724 1092 3776 invasit.
1103 3749 1139 3762 -
1148 3722 1260 3795 Aquilo·

254 3817 311 3851 roa.
326 3798 402 3849 Talia
408 3803 530 3872 jactanti.
545 3806 662 3858 inaniter
673 3805 713 3857 lo·
757 3825 797 3856 ne.
812 3805 853 3856 Ab
866 3805 1017 3876 Aqui-lanea
1033 3818 1095 3854 ecce
1109 3801 1156 3852 hic
1170 3799 1260 3854 reddit

1321 3795 1323 3828 1

216 3881 308 3952 quenti
319 3877 439 3931 utalibi:
454 3880 558 3952 uAtque
572 3885 647 3937 irrita
657 3889 713 3954 jur-
756 3896 863 3936 ventum
894 3901 973 3955 quem
996 3881 1162 3947 transierat,
1186 3895 1213 3932 et
1242 3897 1258 3928 a
1322 3895 1323 3912 ¹

213 3961 621 4032 giajactat.»et:·Vocesdum
628 3967 713 4034 jactat
756 3962 874 4034 generali
898 3969 1054 4036 tempestate
1078 3959 1113 4013 ad
1139 3960 1256 4032 speciem

213 4041 450 4095 inanesniactare
458 4044 567 4114 proprie
577 4043 642 4095 dicit
650 4061 712 4114 que·
756 4042 858 4094 transit.
871 4041 940 4094 Serv.
1107 4053 1110 4060 '
