<?xml version="1.0" encoding="UTF-8"?>
<!DOCTYPE html PUBLIC "-//W3C//DTD XHTML 1.0 Transitional//EN"
    "http://www.w3.org/TR/xhtml1/DTD/xhtml1-transitional.dtd">
<html xmlns="http://www.w3.org/1999/xhtml" xml:lang="en" lang="en">
 <head>
  <title>
</title>
<meta http-equiv="Content-Type" content="text/html;charset=utf-8" />
  <meta name='ocr-system' content='tesseract 3.04.00' />
  <meta name='ocr-capabilities' content='ocr_page ocr_carea ocr_par ocr_line ocrx_word'/>
</head>
<body>
  <div class='ocr_page' id='page_1' title='image "./pvirgiliusmaroq02barbgoog_0064.png"; bbox 0 0 2670 4596; ppageno 0'>
   <div class='ocr_carea' id='block_1_1' title="bbox 229 237 935 310">
    <p class='ocr_par' dir='ltr' id='par_1_1' title="bbox 229 237 935 310">
     <span class='ocr_line' id='line_1_1' title="bbox 229 237 935 310; baseline -0.017 -2"><span class='ocrx_word' id='word_1_1' title='bbox 229 247 266 310; x_wconf 83' lang='lat'><strong>18</strong></span> <span class='ocrx_word' id='word_1_2' title='bbox 555 237 935 304; x_wconf 84' lang='lat' dir='ltr'><strong>COMMENTARIA</strong></span> 
     </span>
    </p>
   </div>
   <div class='ocr_carea' id='block_1_2' title="bbox 225 357 1270 442">
    <p class='ocr_par' dir='ltr' id='par_1_2' title="bbox 225 357 1270 442">
     <span class='ocr_line' id='line_1_2' title="bbox 225 357 1270 442; baseline -0.004 -16"><span class='ocrx_word' id='word_1_3' title='bbox 225 388 313 434; x_wconf 87' lang='lat' dir='ltr'><strong>mum</strong></span> <span class='ocrx_word' id='word_1_4' title='bbox 328 367 388 439; x_wconf 91' lang='lat' dir='ltr'><strong>ait,</strong></span> <span class='ocrx_word' id='word_1_5' title='bbox 407 361 530 424; x_wconf 85' lang='lat' dir='ltr'><strong>AEolum</strong></span> <span class='ocrx_word' id='word_1_6' title='bbox 544 359 707 442; x_wconf 73' lang='lat' dir='ltr'><strong>praesidem</strong></span> <span class='ocrx_word' id='word_1_7' title='bbox 724 379 790 419; x_wconf 85' lang='lat' dir='ltr'><strong>esse</strong></span> <span class='ocrx_word' id='word_1_8' title='bbox 803 372 985 434; x_wconf 76' lang='lat' dir='ltr'><strong>ventorum,</strong></span> <span class='ocrx_word' id='word_1_9' title='bbox 1005 357 1118 420; x_wconf 90' lang='lat' dir='ltr'><strong>deinde</strong></span> <span class='ocrx_word' id='word_1_10' title='bbox 1133 362 1270 442; x_wconf 84' lang='lat' dir='ltr'><strong>explicat</strong></span> 
     </span>
    </p>
   </div>
   <div class='ocr_carea' id='block_1_3' title="bbox 223 445 1315 528">
    <p class='ocr_par' dir='ltr' id='par_1_3' title="bbox 223 445 1315 528">
     <span class='ocr_line' id='line_1_3' title="bbox 223 445 1315 528; baseline -0.005 -14"><span class='ocrx_word' id='word_1_11' title='bbox 223 453 406 519; x_wconf 75' lang='lat' dir='ltr'><strong>inimicitias</strong></span> <span class='ocrx_word' id='word_1_12' title='bbox 426 470 497 510; x_wconf 85' lang='lat' dir='ltr'><strong>suas</strong></span> <span class='ocrx_word' id='word_1_13' title='bbox 516 469 590 509; x_wconf 88' lang='lat' dir='ltr'><strong>cum</strong></span> <span class='ocrx_word' id='word_1_14' title='bbox 607 447 765 526; x_wconf 86' lang='lat' dir='ltr'><strong>Trojanis,</strong></span> <span class='ocrx_word' id='word_1_15' title='bbox 785 460 821 506; x_wconf 91' lang='lat' dir='ltr'><strong>ut</strong></span> <span class='ocrx_word' id='word_1_16' title='bbox 839 446 905 526; x_wconf 85' lang='lat' dir='ltr'><strong>jam</strong></span> <span class='ocrx_word' id='word_1_17' title='bbox 924 466 1019 506; x_wconf 85' lang='lat' dir='ltr'><strong>causa</strong></span> <span class='ocrx_word' id='word_1_18' title='bbox 1037 445 1188 528; x_wconf 80' lang='lat' dir='ltr'><strong>legitimae</strong></span> <span class='ocrx_word' id='word_1_19' title='bbox 1205 453 1269 509; x_wconf 85' lang='lat' dir='ltr'><strong>vin-</strong></span> <span class='ocrx_word' id='word_1_20' title='bbox 1314 464 1315 474; x_wconf 61' lang='lat'>¹</span> 
     </span>
    </p>
   </div>
   <div class='ocr_carea' id='block_1_4' title="bbox 224 537 1270 1156">
    <p class='ocr_par' dir='ltr' id='par_1_4' title="bbox 224 537 1270 1156">
     <span class='ocr_line' id='line_1_4' title="bbox 225 537 1267 622; baseline -0.007 -18"><span class='ocrx_word' id='word_1_21' title='bbox 225 543 317 608; x_wconf 87' lang='lat' dir='ltr'><strong>dictae</strong></span> <span class='ocrx_word' id='word_1_22' title='bbox 333 553 497 622; x_wconf 84' lang='lat' dir='ltr'><strong>appareat3</strong></span> <span class='ocrx_word' id='word_1_23' title='bbox 516 558 579 620; x_wconf 91' lang='lat' dir='ltr'><strong>qua</strong></span> <span class='ocrx_word' id='word_1_24' title='bbox 596 539 773 618; x_wconf 88' lang='lat' dir='ltr'><strong>proposita,</strong></span> <span class='ocrx_word' id='word_1_25' title='bbox 792 537 936 618; x_wconf 88' lang='lat' dir='ltr'><strong>sequitur</strong></span> <span class='ocrx_word' id='word_1_26' title='bbox 950 537 1062 617; x_wconf 89' lang='lat' dir='ltr'><strong>petitio</strong></span> <span class='ocrx_word' id='word_1_27' title='bbox 1078 557 1144 597; x_wconf 94' lang='lat' dir='ltr'><strong>non</strong></span> <span class='ocrx_word' id='word_1_28' title='bbox 1162 540 1207 597; x_wconf 90' lang='lat' dir='ltr'><strong>ita</strong></span> <span class='ocrx_word' id='word_1_29' title='bbox 1222 553 1267 619; x_wconf 80' lang='lat' dir='ltr'><strong>ty-</strong></span> 
     </span>
     <span class='ocr_line' id='line_1_5' title="bbox 224 622 1267 708; baseline -0.006 -16"><span class='ocrx_word' id='word_1_30' title='bbox 224 633 353 702; x_wconf 83' lang='lat' dir='ltr'><strong>rannica</strong></span> <span class='ocrx_word' id='word_1_31' title='bbox 369 629 450 702; x_wconf 80' lang='lat' dir='ltr'>haec3</span> <span class='ocrx_word' id='word_1_32' title='bbox 466 627 568 701; x_wconf 82' lang='lat' dir='ltr'><strong>obrue,</strong></span> <span class='ocrx_word' id='word_1_33' title='bbox 587 648 658 686; x_wconf 85' lang='lat' dir='ltr'><strong>nam</strong></span> <span class='ocrx_word' id='word_1_34' title='bbox 673 639 752 708; x_wconf 74' lang='lat' dir='ltr'><strong>potas</strong></span> <span class='ocrx_word' id='word_1_35' title='bbox 765 622 838 684; x_wconf 79' lang='lat' dir='ltr'><strong>milri</strong></span> <span class='ocrx_word' id='word_1_36' title='bbox 857 627 889 684; x_wconf 84' lang='lat' dir='ltr'><strong>in</strong></span> <span class='ocrx_word' id='word_1_37' title='bbox 906 623 1005 684; x_wconf 78' lang='lat' dir='ltr'><strong>dolore</strong></span> <span class='ocrx_word' id='word_1_38' title='bbox 1009 623 1091 706; x_wconf 84' lang='lat' dir='ltr'><strong>justo</strong></span> <span class='ocrx_word' id='word_1_39' title='bbox 1107 629 1267 686; x_wconf 82' lang='lat' dir='ltr'><strong>connivere.</strong></span> 
     </span>
     <span class='ocr_line' id='line_1_6' title="bbox 224 713 1268 802; baseline -0.009 -20"><span class='ocrx_word' id='word_1_40' title='bbox 224 723 254 782; x_wconf 84' lang='lat' dir='ltr'><strong>si</strong></span> <span class='ocrx_word' id='word_1_41' title='bbox 265 719 342 802; x_wconf 88' lang='lat' dir='ltr'><strong>quid</strong></span> <span class='ocrx_word' id='word_1_42' title='bbox 352 733 455 778; x_wconf 86' lang='lat' dir='ltr'><strong>autem</strong></span> <span class='ocrx_word' id='word_1_43' title='bbox 466 715 570 778; x_wconf 81' lang='lat' dir='ltr'><strong>adhue</strong></span> <span class='ocrx_word' id='word_1_44' title='bbox 581 714 634 774; x_wconf 87' lang='lat' dir='ltr'><strong>ille</strong></span> <span class='ocrx_word' id='word_1_45' title='bbox 647 715 784 788; x_wconf 79' lang='lat' dir='ltr'><strong>haesitet,</strong></span> <span class='ocrx_word' id='word_1_46' title='bbox 797 726 962 794; x_wconf 79' lang='lat' dir='ltr'>sequentes</span> <span class='ocrx_word' id='word_1_47' title='bbox 971 731 1079 774; x_wconf 80' lang='lat' dir='ltr'><strong>versus</strong></span> <span class='ocrx_word' id='word_1_48' title='bbox 1089 713 1129 774; x_wconf 86' lang='lat' dir='ltr'><strong>de</strong></span> <span class='ocrx_word' id='word_1_49' title='bbox 1138 717 1268 795; x_wconf 84' lang='lat' dir='ltr'><strong>praemio</strong></span> 
     </span>
     <span class='ocr_line' id='line_1_7' title="bbox 225 799 1267 890; baseline -0.009 -20"><span class='ocrx_word' id='word_1_50' title='bbox 225 824 256 870; x_wconf 87' lang='lat' dir='ltr'><strong>et</strong></span> <span class='ocrx_word' id='word_1_51' title='bbox 273 809 392 890; x_wconf 88' lang='lat' dir='ltr'><strong>nuptiis</strong></span> <span class='ocrx_word' id='word_1_52' title='bbox 411 806 568 886; x_wconf 86' lang='lat' dir='ltr'><strong>Deiopeiae</strong></span> <span class='ocrx_word' id='word_1_53' title='bbox 589 804 719 862; x_wconf 90' lang='lat' dir='ltr'><strong>omnino</strong></span> <span class='ocrx_word' id='word_1_54' title='bbox 740 821 807 885; x_wconf 85' lang='lat' dir='ltr'><strong>rem</strong></span> <span class='ocrx_word' id='word_1_55' title='bbox 828 801 1024 882; x_wconf 87' lang='lat' dir='ltr'><strong>pervincunt.</strong></span> <span class='ocrx_word' id='word_1_56' title='bbox 1046 801 1093 860; x_wconf 89' lang='lat' dir='ltr'><strong>lta</strong></span> <span class='ocrx_word' id='word_1_57' title='bbox 1113 803 1200 861; x_wconf 90' lang='lat' dir='ltr'><strong>enim</strong></span> <span class='ocrx_word' id='word_1_58' title='bbox 1218 799 1267 861; x_wconf 90' lang='lat' dir='ltr'><strong>hic</strong></span> 
     </span>
     <span class='ocr_line' id='line_1_8' title="bbox 225 887 1269 967; baseline -0.011 -6"><span class='ocrx_word' id='word_1_59' title='bbox 225 901 333 961; x_wconf 90' lang='lat' dir='ltr'><strong>omnia</strong></span> <span class='ocrx_word' id='word_1_60' title='bbox 350 896 525 958; x_wconf 89' lang='lat' dir='ltr'><strong>communit</strong></span> <span class='ocrx_word' id='word_1_61' title='bbox 540 894 639 967; x_wconf 90' lang='lat' dir='ltr'><strong>Juno,</strong></span> <span class='ocrx_word' id='word_1_62' title='bbox 658 905 694 950; x_wconf 88' lang='lat' dir='ltr'><strong>ut</strong></span> <span class='ocrx_word' id='word_1_63' title='bbox 712 889 817 960; x_wconf 77' lang='lat' dir='ltr'><strong>AEolus</strong></span> <span class='ocrx_word' id='word_1_64' title='bbox 836 891 1012 950; x_wconf 85' lang='lat' dir='ltr'><strong>necessario</strong></span> <span class='ocrx_word' id='word_1_65' title='bbox 1029 887 1144 950; x_wconf 86' lang='lat' dir='ltr'><strong>debeat</strong></span> <span class='ocrx_word' id='word_1_66' title='bbox 1162 911 1269 950; x_wconf 89' lang='lat' dir='ltr'><strong>conce·</strong></span> 
     </span>
     <span class='ocr_line' id='line_1_9' title="bbox 226 975 1270 1063; baseline -0.011 -14"><span class='ocrx_word' id='word_1_67' title='bbox 226 987 315 1062; x_wconf 86' lang='lat' dir='ltr'><strong>dere,</strong></span> <span class='ocrx_word' id='word_1_68' title='bbox 334 987 410 1059; x_wconf 87' lang='lat' dir='ltr'><strong>nisi,</strong></span> <span class='ocrx_word' id='word_1_69' title='bbox 429 997 484 1042; x_wconf 89' lang='lat' dir='ltr'><strong>aut</strong></span> <span class='ocrx_word' id='word_1_70' title='bbox 498 979 665 1063; x_wconf 89' lang='lat' dir='ltr'><strong>impudens</strong></span> <span class='ocrx_word' id='word_1_71' title='bbox 680 981 736 1053; x_wconf 88' lang='lat' dir='ltr'><strong>sit,</strong></span> <span class='ocrx_word' id='word_1_72' title='bbox 755 992 811 1038; x_wconf 89' lang='lat' dir='ltr'><strong>aut</strong></span> <span class='ocrx_word' id='word_1_73' title='bbox 825 976 985 1038; x_wconf 90' lang='lat' dir='ltr'><strong>commodi</strong></span> <span class='ocrx_word' id='word_1_74' title='bbox 999 979 1048 1036; x_wconf 89' lang='lat' dir='ltr'><strong>sui</strong></span> <span class='ocrx_word' id='word_1_75' title='bbox 1062 975 1200 1053; x_wconf 88' lang='lat' dir='ltr'><strong>oblitus,</strong></span> <span class='ocrx_word' id='word_1_76' title='bbox 1218 993 1270 1037; x_wconf 87' lang='lat' dir='ltr'><strong>aut</strong></span> 
     </span>
     <span class='ocr_line' id='line_1_10' title="bbox 225 1069 1269 1156; baseline -0.008 -21"><span class='ocrx_word' id='word_1_77' title='bbox 225 1090 412 1156; x_wconf 88' lang='lat' dir='ltr'><strong>utrumque:</strong></span> <span class='ocrx_word' id='word_1_78' title='bbox 426 1069 594 1154; x_wconf 88' lang='lat' dir='ltr'><strong>impudens</strong></span> <span class='ocrx_word' id='word_1_79' title='bbox 606 1090 679 1150; x_wconf 86' lang='lat' dir='ltr'><strong>erga</strong></span> <span class='ocrx_word' id='word_1_80' title='bbox 691 1069 842 1149; x_wconf 76' lang='lat' dir='ltr'><strong>Reginam</strong></span> <span class='ocrx_word' id='word_1_81' title='bbox 854 1069 1038 1142; x_wconf 82' lang='lat' dir='ltr'><strong>maximam,</strong></span> <span class='ocrx_word' id='word_1_82' title='bbox 1050 1087 1121 1148; x_wconf 83' lang='lat' dir='ltr'><strong>quae</strong></span> <span class='ocrx_word' id='word_1_83' title='bbox 1133 1069 1229 1147; x_wconf 85' lang='lat' dir='ltr'><strong>petit,</strong></span> <span class='ocrx_word' id='word_1_84' title='bbox 1241 1081 1269 1127; x_wconf 86' lang='lat' dir='ltr'><strong>et</strong></span> 
     </span>
    </p>
   </div>
   <div class='ocr_carea' id='block_1_5' title="bbox 224 1154 1317 1247">
    <p class='ocr_par' dir='ltr' id='par_1_5' title="bbox 224 1154 1317 1247">
     <span class='ocr_line' id='line_1_11' title="bbox 224 1154 1317 1247; baseline -0.012 -20"><span class='ocrx_word' id='word_1_85' title='bbox 224 1185 342 1247; x_wconf 89' lang='lat' dir='ltr'><strong>prose,</strong></span> <span class='ocrx_word' id='word_1_86' title='bbox 357 1177 389 1223; x_wconf 89' lang='lat' dir='ltr'><strong>et</strong></span> <span class='ocrx_word' id='word_1_87' title='bbox 400 1177 510 1223; x_wconf 86' lang='lat' dir='ltr'><strong>eontra</strong></span> <span class='ocrx_word' id='word_1_88' title='bbox 524 1160 646 1235; x_wconf 84' lang='lat' dir='ltr'><strong>hostes,</strong></span> <span class='ocrx_word' id='word_1_89' title='bbox 661 1172 693 1218; x_wconf 89' lang='lat' dir='ltr'><strong>et</strong></span> <span class='ocrx_word' id='word_1_90' title='bbox 704 1178 780 1218; x_wconf 84' lang='lat' dir='ltr'><strong>voce</strong></span> <span class='ocrx_word' id='word_1_91' title='bbox 795 1157 933 1242; x_wconf 87' lang='lat' dir='ltr'><strong>supplici</strong></span> <span class='ocrx_word' id='word_1_92' title='bbox 944 1154 1083 1217; x_wconf 82' lang='lat' dir='ltr'><strong>:oblitus</strong></span> <span class='ocrx_word' id='word_1_93' title='bbox 1095 1155 1268 1231; x_wconf 80' lang='lat' dir='ltr'><strong>commodi,</strong></span> <span class='ocrx_word' id='word_1_94' title='bbox 1316 1197 1317 1206; x_wconf 56' lang='lat'>2</span> 
     </span>
    </p>
   </div>
   <div class='ocr_carea' id='block_1_6' title="bbox 192 1243 1270 1863">
    <p class='ocr_par' dir='ltr' id='par_1_6' title="bbox 192 1243 1270 1863">
     <span class='ocr_line' id='line_1_12' title="bbox 224 1243 1269 1333; baseline -0.009 -21"><span class='ocrx_word' id='word_1_95' title='bbox 224 1255 251 1312; x_wconf 88' lang='lat' dir='ltr'><strong>si</strong></span> <span class='ocrx_word' id='word_1_96' title='bbox 263 1253 392 1333; x_wconf 76' lang='lat' dir='ltr'><strong>nuptias</strong></span> <span class='ocrx_word' id='word_1_97' title='bbox 402 1249 526 1328; x_wconf 79' lang='lat' dir='ltr'><strong>rejiciat</strong></span> <span class='ocrx_word' id='word_1_98' title='bbox 541 1245 601 1306; x_wconf 90' lang='lat' dir='ltr'><strong>sihi</strong></span> <span class='ocrx_word' id='word_1_99' title='bbox 614 1245 815 1321; x_wconf 89' lang='lat' dir='ltr'><strong>utilissimas;</strong></span> <span class='ocrx_word' id='word_1_100' title='bbox 827 1267 916 1320; x_wconf 90' lang='lat' dir='ltr'><strong>nam,</strong></span> <span class='ocrx_word' id='word_1_101' title='bbox 929 1266 961 1306; x_wconf 90' lang='lat' dir='ltr'><strong>se</strong></span> <span class='ocrx_word' id='word_1_102' title='bbox 973 1265 1037 1305; x_wconf 92' lang='lat' dir='ltr'><strong>non</strong></span> <span class='ocrx_word' id='word_1_103' title='bbox 1048 1265 1142 1327; x_wconf 90' lang='lat' dir='ltr'><strong>posse</strong></span> <span class='ocrx_word' id='word_1_104' title='bbox 1154 1243 1269 1319; x_wconf 85' lang='lat' dir='ltr'><strong>facere,</strong></span> 
     </span>
     <span class='ocr_line' id='line_1_13' title="bbox 192 1329 1268 1424; baseline -0.009 -22"><span class='ocrx_word' id='word_1_105' title='bbox 192 1329 195 1334; x_wconf 38' lang='lat'><em>¹</em></span> <span class='ocrx_word' id='word_1_106' title='bbox 223 1343 334 1424; x_wconf 89' lang='lat' dir='ltr'><strong>nequit</strong></span> <span class='ocrx_word' id='word_1_107' title='bbox 354 1338 475 1398; x_wconf 86' lang='lat' dir='ltr'><strong>dicere:</strong></span> <span class='ocrx_word' id='word_1_108' title='bbox 495 1334 592 1396; x_wconf 90' lang='lat' dir='ltr'><strong>hahet</strong></span> <span class='ocrx_word' id='word_1_109' title='bbox 610 1337 694 1396; x_wconf 91' lang='lat' dir='ltr'><strong>enim</strong></span> <span class='ocrx_word' id='word_1_110' title='bbox 712 1349 901 1417; x_wconf 88' lang='lat' dir='ltr'><strong>potestatem</strong></span> <span class='ocrx_word' id='word_1_111' title='bbox 920 1337 987 1416; x_wconf 91' lang='lat' dir='ltr'><strong>ipse</strong></span> <span class='ocrx_word' id='word_1_112' title='bbox 1008 1333 1048 1394; x_wconf 90' lang='lat' dir='ltr'><strong>ad</strong></span> <span class='ocrx_word' id='word_1_113' title='bbox 1069 1332 1268 1408; x_wconf 83' lang='lat' dir='ltr'><strong>mulcendos‚</strong></span> 
     </span>
     <span class='ocr_line' id='line_1_14' title="bbox 224 1423 1269 1507; baseline -0.011 -15"><span class='ocrx_word' id='word_1_114' title='bbox 224 1445 279 1492; x_wconf 84' lang='lat' dir='ltr'><strong>aut</strong></span> <span class='ocrx_word' id='word_1_115' title='bbox 302 1425 459 1490; x_wconf 91' lang='lat' dir='ltr'><strong>tollendos</strong></span> <span class='ocrx_word' id='word_1_116' title='bbox 479 1438 605 1500; x_wconf 65' lang='lat' dir='ltr'><strong>ventos,</strong></span> <span class='ocrx_word' id='word_1_117' title='bbox 629 1424 774 1507; x_wconf 86' lang='lat' dir='ltr'><strong>hancque</strong></span> <span class='ocrx_word' id='word_1_118' title='bbox 795 1424 953 1484; x_wconf 80' lang='lat' dir='ltr'><strong>firmatam</strong></span> <span class='ocrx_word' id='word_1_119' title='bbox 974 1445 992 1482; x_wconf 95' lang='lat' dir='ltr'><strong>a</strong></span> <span class='ocrx_word' id='word_1_120' title='bbox 1013 1426 1100 1483; x_wconf 84' lang='lat' dir='ltr'><strong>Jove.</strong></span> <span class='ocrx_word' id='word_1_121' title='bbox 1121 1423 1208 1504; x_wconf 80' lang='lat' dir='ltr'><strong>Ergo</strong></span> <span class='ocrx_word' id='word_1_122' title='bbox 1226 1425 1269 1481; x_wconf 86' lang='lat' dir='ltr'><strong>ait</strong></span> 
     </span>
     <span class='ocr_line' id='line_1_15' title="bbox 223 1513 1270 1598; baseline -0.011 -17"><span class='ocrx_word' id='word_1_123' title='bbox 223 1521 324 1582; x_wconf 83' lang='lat' dir='ltr'><strong>luno:</strong></span> <span class='ocrx_word' id='word_1_124' title='bbox 340 1535 439 1598; x_wconf 90' lang='lat' dir='ltr'><strong>quum</strong></span> <span class='ocrx_word' id='word_1_125' title='bbox 452 1517 569 1595; x_wconf 66' lang='lat' dir='ltr'><strong>possim</strong></span> <span class='ocrx_word' id='word_1_126' title='bbox 582 1535 681 1596; x_wconf 88' lang='lat' dir='ltr'><strong>quum</strong></span> <span class='ocrx_word' id='word_1_127' title='bbox 693 1535 783 1574; x_wconf 87' lang='lat' dir='ltr'><strong>meus</strong></span> <span class='ocrx_word' id='word_1_128' title='bbox 797 1513 889 1574; x_wconf 89' lang='lat' dir='ltr'><strong>dolor</strong></span> <span class='ocrx_word' id='word_1_129' title='bbox 899 1516 941 1574; x_wconf 89' lang='lat' dir='ltr'><strong>sit</strong></span> <span class='ocrx_word' id='word_1_130' title='bbox 949 1513 1069 1594; x_wconf 84' lang='lat' dir='ltr'><strong>justus,</strong></span> <span class='ocrx_word' id='word_1_131' title='bbox 1083 1528 1120 1572; x_wconf 87' lang='lat' dir='ltr'><strong>ut</strong></span> <span class='ocrx_word' id='word_1_132' title='bbox 1131 1514 1188 1594; x_wconf 92' lang='lat' dir='ltr'><strong>qui</strong></span> <span class='ocrx_word' id='word_1_133' title='bbox 1199 1531 1270 1571; x_wconf 92' lang='lat' dir='ltr'><strong>con·</strong></span> 
     </span>
     <span class='ocr_line' id='line_1_16' title="bbox 224 1602 1268 1685; baseline -0.009 -18"><span class='ocrx_word' id='word_1_134' title='bbox 224 1624 272 1668; x_wconf 84' lang='lat' dir='ltr'><strong>tra</strong></span> <span class='ocrx_word' id='word_1_135' title='bbox 284 1626 371 1666; x_wconf 86' lang='lat' dir='ltr'><strong>meos</strong></span> <span class='ocrx_word' id='word_1_136' title='bbox 383 1605 544 1678; x_wconf 73' lang='lat' dir='ltr'><strong>inimicos,</strong></span> <span class='ocrx_word' id='word_1_137' title='bbox 556 1623 655 1685; x_wconf 90' lang='lat' dir='ltr'><strong>quum</strong></span> <span class='ocrx_word' id='word_1_138' title='bbox 670 1602 729 1663; x_wconf 90' lang='lat' dir='ltr'><strong>tibi</strong></span> <span class='ocrx_word' id='word_1_139' title='bbox 744 1603 806 1664; x_wconf 90' lang='lat' dir='ltr'><strong>hoc</strong></span> <span class='ocrx_word' id='word_1_140' title='bbox 820 1606 863 1663; x_wconf 89' lang='lat' dir='ltr'><strong>sit</strong></span> <span class='ocrx_word' id='word_1_141' title='bbox 873 1602 951 1664; x_wconf 85' lang='lat' dir='ltr'><strong>utile</strong></span> <span class='ocrx_word' id='word_1_142' title='bbox 962 1617 1092 1685; x_wconf 76' lang='lat' dir='ltr'><strong>propter</strong></span> <span class='ocrx_word' id='word_1_143' title='bbox 1106 1615 1178 1662; x_wconf 82' lang='lat' dir='ltr'><strong>taes</strong></span> <span class='ocrx_word' id='word_1_144' title='bbox 1192 1621 1268 1680; x_wconf 92' lang='lat' dir='ltr'><strong>nup·</strong></span> 
     </span>
     <span class='ocr_line' id='line_1_17' title="bbox 223 1689 1268 1776; baseline -0.008 -20"><span class='ocrx_word' id='word_1_145' title='bbox 223 1700 299 1774; x_wconf 84' lang='lat' dir='ltr'><strong>tias,</strong></span> <span class='ocrx_word' id='word_1_146' title='bbox 317 1694 417 1767; x_wconf 85' lang='lat' dir='ltr'><strong>obrue,</strong></span> <span class='ocrx_word' id='word_1_147' title='bbox 436 1708 505 1769; x_wconf 92' lang='lat' dir='ltr'><strong>aut,</strong></span> <span class='ocrx_word' id='word_1_148' title='bbox 521 1691 628 1776; x_wconf 64' lang='lat' dir='ltr'><strong>disjice.</strong></span> <span class='ocrx_word' id='word_1_149' title='bbox 643 1697 718 1754; x_wconf 82' lang='lat' dir='ltr'><strong>Haec</strong></span> <span class='ocrx_word' id='word_1_150' title='bbox 732 1715 791 1776; x_wconf 94' lang='lat' dir='ltr'><strong>pro</strong></span> <span class='ocrx_word' id='word_1_151' title='bbox 806 1709 872 1755; x_wconf 89' lang='lat' dir='ltr'><strong>tota</strong></span> <span class='ocrx_word' id='word_1_152' title='bbox 887 1696 1037 1754; x_wconf 84' lang='lat' dir='ltr'><strong>oratione.</strong></span> <span class='ocrx_word' id='word_1_153' title='bbox 1057 1689 1268 1773; x_wconf 84' lang='lat' dir='ltr'><strong>Expendenda</strong></span> 
     </span>
     <span class='ocr_line' id='line_1_18' title="bbox 225 1777 1268 1863; baseline -0.005 -21"><span class='ocrx_word' id='word_1_154' title='bbox 225 1803 309 1842; x_wconf 88' lang='lat' dir='ltr'><strong>nuno</strong></span> <span class='ocrx_word' id='word_1_155' title='bbox 322 1780 445 1862; x_wconf 84' lang='lat' dir='ltr'><strong>aliqua:</strong></span> <span class='ocrx_word' id='word_1_156' title='bbox 460 1783 504 1840; x_wconf 85' lang='lat' dir='ltr'><strong>ait</strong></span> <span class='ocrx_word' id='word_1_157' title='bbox 516 1783 548 1840; x_wconf 91' lang='lat' dir='ltr'><strong>in</strong></span> <span class='ocrx_word' id='word_1_158' title='bbox 561 1784 654 1841; x_wconf 85' lang='lat' dir='ltr'><strong>tertio</strong></span> <span class='ocrx_word' id='word_1_159' title='bbox 666 1802 773 1857; x_wconf 83' lang='lat' dir='ltr'><strong>versu,</strong></span> <span class='ocrx_word' id='word_1_160' title='bbox 785 1803 855 1863; x_wconf 79' lang='lat' dir='ltr'><strong>qens</strong></span> <span class='ocrx_word' id='word_1_161' title='bbox 867 1783 986 1841; x_wconf 82' lang='lat' dir='ltr'><strong>inimica</strong></span> <span class='ocrx_word' id='word_1_162' title='bbox 998 1777 1072 1840; x_wconf 76' lang='lat' dir='ltr'><strong>miti</strong></span> <span class='ocrx_word' id='word_1_163' title='bbox 1078 1803 1089 1853; x_wconf 89' lang='lat'><strong>,·</strong></span> <span class='ocrx_word' id='word_1_164' title='bbox 1100 1793 1134 1840; x_wconf 87' lang='lat' dir='ltr'><strong>et</strong></span> <span class='ocrx_word' id='word_1_165' title='bbox 1144 1780 1268 1861; x_wconf 86' lang='lat' dir='ltr'><strong>suppri-</strong></span> 
     </span>
    </p>
   </div>
   <div class='ocr_carea' id='block_1_7' title="bbox 225 1867 1319 1954">
    <p class='ocr_par' dir='ltr' id='par_1_7' title="bbox 225 1867 1319 1954">
     <span class='ocr_line' id='line_1_19' title="bbox 225 1867 1319 1954; baseline -0.004 -24"><span class='ocrx_word' id='word_1_166' title='bbox 225 1874 298 1947; x_wconf 85' lang='lat' dir='ltr'><strong>mit,</strong></span> <span class='ocrx_word' id='word_1_167' title='bbox 316 1869 466 1950; x_wconf 82' lang='lat' dir='ltr'><strong>Trojana3</strong></span> <span class='ocrx_word' id='word_1_168' title='bbox 485 1869 539 1930; x_wconf 89' lang='lat' dir='ltr'><strong>sed</strong></span> <span class='ocrx_word' id='word_1_169' title='bbox 555 1873 630 1932; x_wconf 88' lang='lat' dir='ltr'><strong>satis</strong></span> <span class='ocrx_word' id='word_1_170' title='bbox 645 1870 779 1946; x_wconf 88' lang='lat' dir='ltr'><strong>indicat,</strong></span> <span class='ocrx_word' id='word_1_171' title='bbox 795 1887 891 1953; x_wconf 85' lang='lat' dir='ltr'><strong>quam</strong></span> <span class='ocrx_word' id='word_1_172' title='bbox 904 1869 981 1930; x_wconf 82' lang='lat' dir='ltr'><strong>velit</strong></span> <span class='ocrx_word' id='word_1_173' title='bbox 994 1867 1128 1950; x_wconf 76' lang='lat' dir='ltr'><strong>intelligi</strong></span> <span class='ocrx_word' id='word_1_174' title='bbox 1143 1889 1181 1928; x_wconf 79' lang='lat' dir='ltr'><strong>ex</strong></span> <span class='ocrx_word' id='word_1_175' title='bbox 1194 1887 1268 1927; x_wconf 88' lang='lat' dir='ltr'><strong>voce</strong></span> <span class='ocrx_word' id='word_1_176' title='bbox 1318 1951 1319 1954; x_wconf 7' lang='grc' dir='ltr'><strong>Ἴ</strong></span> 
     </span>
    </p>
   </div>
   <div class='ocr_carea' id='block_1_8' title="bbox 223 1957 1269 2309">
    <p class='ocr_par' dir='ltr' id='par_1_8' title="bbox 223 1957 1269 2309">
     <span class='ocr_line' id='line_1_20' title="bbox 224 1957 1268 2040; baseline -0.003 -22"><span class='ocrx_word' id='word_1_177' title='bbox 224 1960 288 2034; x_wconf 82' lang='grc' dir='ltr'><strong>ΙΙίἰ;</strong></span> <span class='ocrx_word' id='word_1_178' title='bbox 307 1979 370 2040; x_wconf 90' lang='lat' dir='ltr'><strong>qua</strong></span> <span class='ocrx_word' id='word_1_179' title='bbox 385 1961 605 2040; x_wconf 78' lang='lat' dir='ltr'><strong>suppressione</strong></span> <span class='ocrx_word' id='word_1_180' title='bbox 620 1958 740 2019; x_wconf 87' lang='lat' dir='ltr'><strong>indicat</strong></span> <span class='ocrx_word' id='word_1_181' title='bbox 758 1973 849 2018; x_wconf 89' lang='lat' dir='ltr'><strong>notas</strong></span> <span class='ocrx_word' id='word_1_182' title='bbox 864 1979 931 2019; x_wconf 84' lang='lat' dir='ltr'><strong>esse</strong></span> <span class='ocrx_word' id='word_1_183' title='bbox 946 1957 1003 2018; x_wconf 93' lang='lat' dir='ltr'><strong>has</strong></span> <span class='ocrx_word' id='word_1_184' title='bbox 1015 1959 1213 2031; x_wconf 88' lang='lat' dir='ltr'><strong>inimicitias;</strong></span> <span class='ocrx_word' id='word_1_185' title='bbox 1234 1977 1268 2016; x_wconf 86' lang='lat' dir='ltr'><strong>ea</strong></span> 
     </span>
     <span class='ocr_line' id='line_1_21' title="bbox 224 2046 1269 2132; baseline -0.005 -23"><span class='ocrx_word' id='word_1_186' title='bbox 224 2051 307 2110; x_wconf 91' lang='lat' dir='ltr'><strong>enim</strong></span> <span class='ocrx_word' id='word_1_187' title='bbox 322 2049 563 2130; x_wconf 83' lang='lat' dir='ltr'><strong>supprimimus,</strong></span> <span class='ocrx_word' id='word_1_188' title='bbox 583 2069 653 2132; x_wconf 83' lang='lat' dir='ltr'><strong>quae</strong></span> <span class='ocrx_word' id='word_1_189' title='bbox 662 2063 746 2108; x_wconf 88' lang='lat' dir='ltr'><strong>nota.</strong></span> <span class='ocrx_word' id='word_1_190' title='bbox 765 2046 839 2108; x_wconf 91' lang='lat' dir='ltr'><strong>Ideo</strong></span> <span class='ocrx_word' id='word_1_191' title='bbox 854 2061 959 2108; x_wconf 89' lang='lat' dir='ltr'><strong>autem</strong></span> <span class='ocrx_word' id='word_1_192' title='bbox 970 2069 1053 2130; x_wconf 78' lang='lat' dir='ltr'><strong>qens,</strong></span> <span class='ocrx_word' id='word_1_193' title='bbox 1068 2067 1133 2106; x_wconf 92' lang='lat' dir='ltr'><strong>non</strong></span> <span class='ocrx_word' id='word_1_194' title='bbox 1145 2047 1269 2118; x_wconf 80' lang='lat' dir='ltr'><strong>AEneas3</strong></span> 
     </span>
     <span class='ocr_line' id='line_1_22' title="bbox 223 2135 1268 2220; baseline -0.003 -24"><span class='ocrx_word' id='word_1_195' title='bbox 223 2157 262 2197; x_wconf 91' lang='lat' dir='ltr'><strong>ne</strong></span> <span class='ocrx_word' id='word_1_196' title='bbox 283 2136 388 2197; x_wconf 86' lang='lat' dir='ltr'><strong>AEolus</strong></span> <span class='ocrx_word' id='word_1_197' title='bbox 410 2135 541 2213; x_wconf 85' lang='lat' dir='ltr'><strong>diceret,</strong></span> <span class='ocrx_word' id='word_1_198' title='bbox 563 2139 617 2220; x_wconf 91' lang='lat' dir='ltr'><strong>qui</strong></span> <span class='ocrx_word' id='word_1_199' title='bbox 639 2157 771 2197; x_wconf 85' lang='lat' dir='ltr'><strong>noceam</strong></span> <span class='ocrx_word' id='word_1_200' title='bbox 790 2135 856 2196; x_wconf 86' lang='lat' dir='ltr'><strong>filio</strong></span> <span class='ocrx_word' id='word_1_201' title='bbox 878 2137 1022 2212; x_wconf 89' lang='lat' dir='ltr'><strong>Veneris,</strong></span> <span class='ocrx_word' id='word_1_202' title='bbox 1040 2137 1150 2217; x_wconf 91' lang='lat' dir='ltr'><strong>nepoti</strong></span> <span class='ocrx_word' id='word_1_203' title='bbox 1169 2137 1268 2208; x_wconf 88' lang='lat' dir='ltr'><strong>Jovis,</strong></span> 
     </span>
     <span class='ocr_line' id='line_1_23' title="bbox 223 2222 1267 2309; baseline -0.001 -26"><span class='ocrx_word' id='word_1_204' title='bbox 223 2226 290 2283; x_wconf 82' lang='lat' dir='ltr'><strong>viro</strong></span> <span class='ocrx_word' id='word_1_205' title='bbox 300 2222 372 2305; x_wconf 82' lang='lat' dir='ltr'><strong>pio?</strong></span> <span class='ocrx_word' id='word_1_206' title='bbox 383 2237 414 2283; x_wconf 89' lang='lat' dir='ltr'><strong>et</strong></span> <span class='ocrx_word' id='word_1_207' title='bbox 425 2226 560 2299; x_wconf 82' lang='lat' dir='ltr'><strong>inimica,</strong></span> <span class='ocrx_word' id='word_1_208' title='bbox 573 2227 647 2308; x_wconf 92' lang='lat' dir='ltr'><strong>quia</strong></span> <span class='ocrx_word' id='word_1_209' title='bbox 657 2226 780 2309; x_wconf 82' lang='lat' dir='ltr'><strong>justum</strong></span> <span class='ocrx_word' id='word_1_210' title='bbox 791 2245 857 2286; x_wconf 88' lang='lat' dir='ltr'><strong>esse</strong></span> <span class='ocrx_word' id='word_1_211' title='bbox 869 2223 1024 2306; x_wconf 89' lang='lat' dir='ltr'><strong>probatur</strong></span> <span class='ocrx_word' id='word_1_212' title='bbox 1035 2222 1267 2284; x_wconf 82' lang='lat' dir='ltr'><strong>odisse-hostes.</strong></span> 
     </span>
    </p>
   </div>
   <div class='ocr_carea' id='block_1_9' title="bbox 223 2299 1320 2396">
    <p class='ocr_par' dir='ltr' id='par_1_9' title="bbox 223 2299 1320 2396">
     <span class='ocr_line' id='line_1_24' title="bbox 223 2299 1320 2396; baseline -0.001 -28"><span class='ocrx_word' id='word_1_213' title='bbox 223 2311 329 2388; x_wconf 90' lang='lat' dir='ltr'><strong>Quum</strong></span> <span class='ocrx_word' id='word_1_214' title='bbox 344 2313 387 2369; x_wconf 86' lang='lat' dir='ltr'><strong>ait</strong></span> <span class='ocrx_word' id='word_1_215' title='bbox 399 2310 486 2388; x_wconf 79' lang='lat' dir='ltr'><strong>milri,</strong></span> <span class='ocrx_word' id='word_1_216' title='bbox 501 2313 660 2396; x_wconf 87' lang='lat' dir='ltr'><strong>emphasis</strong></span> <span class='ocrx_word' id='word_1_217' title='bbox 676 2328 737 2390; x_wconf 93' lang='lat' dir='ltr'><strong>est,</strong></span> <span class='ocrx_word' id='word_1_218' title='bbox 752 2335 816 2374; x_wconf 92' lang='lat' dir='ltr'><strong>non</strong></span> <span class='ocrx_word' id='word_1_219' title='bbox 831 2311 978 2394; x_wconf 88' lang='lat' dir='ltr'><strong>vulgaris.</strong></span> <span class='ocrx_word' id='word_1_220' title='bbox 992 2310 1087 2386; x_wconf 78' lang='lat' dir='ltr'><strong>Mihi,</strong></span> <span class='ocrx_word' id='word_1_221' title='bbox 1102 2332 1174 2393; x_wconf 82' lang='lat' dir='ltr'><strong>quae</strong></span> <span class='ocrx_word' id='word_1_222' title='bbox 1185 2312 1266 2369; x_wconf 86' lang='lat' dir='ltr'><strong>Juno</strong></span> <span class='ocrx_word' id='word_1_223' title='bbox 1319 2299 1320 2342; x_wconf 59' lang='lat'><em>³</em></span> 
     </span>
    </p>
   </div>
   <div class='ocr_carea' id='block_1_10' title="bbox 182 2402 1271 3012">
    <p class='ocr_par' dir='ltr' id='par_1_10' title="bbox 223 2402 1269 2570">
     <span class='ocr_line' id='line_1_25' title="bbox 225 2402 1269 2484; baseline -0.002 -25"><span class='ocrx_word' id='word_1_224' title='bbox 225 2421 311 2475; x_wconf 88' lang='lat' dir='ltr'><strong>sum,</strong></span> <span class='ocrx_word' id='word_1_225' title='bbox 325 2420 394 2481; x_wconf 87' lang='lat' dir='ltr'><strong>quae</strong></span> <span class='ocrx_word' id='word_1_226' title='bbox 406 2402 522 2462; x_wconf 87' lang='lat' dir='ltr'><strong>Divum</strong></span> <span class='ocrx_word' id='word_1_227' title='bbox 537 2405 669 2482; x_wconf 85' lang='lat' dir='ltr'><strong>Regina,</strong></span> <span class='ocrx_word' id='word_1_228' title='bbox 685 2425 754 2484; x_wconf 84' lang='lat' dir='ltr'><strong>quae</strong></span> <span class='ocrx_word' id='word_1_229' title='bbox 768 2405 855 2464; x_wconf 86' lang='lat' dir='ltr'><strong>Jovis</strong></span> <span class='ocrx_word' id='word_1_230' title='bbox 871 2423 964 2477; x_wconf 85' lang='lat' dir='ltr'><strong>uxor,</strong></span> <span class='ocrx_word' id='word_1_231' title='bbox 979 2422 1050 2484; x_wconf 84' lang='lat' dir='ltr'><strong>quae</strong></span> <span class='ocrx_word' id='word_1_232' title='bbox 1063 2402 1152 2460; x_wconf 79' lang='lat' dir='ltr'><strong>lovis</strong></span> <span class='ocrx_word' id='word_1_233' title='bbox 1167 2419 1269 2473; x_wconf 88' lang='lat' dir='ltr'><strong>soror,</strong></span> 
     </span>
     <span class='ocr_line' id='line_1_26' title="bbox 223 2485 1268 2570; baseline -0.002 -24"><span class='ocrx_word' id='word_1_234' title='bbox 223 2508 294 2568; x_wconf 81' lang='lat' dir='ltr'><strong>quae</strong></span> <span class='ocrx_word' id='word_1_235' title='bbox 307 2488 431 2546; x_wconf 88' lang='lat' dir='ltr'><strong>Saturni</strong></span> <span class='ocrx_word' id='word_1_236' title='bbox 446 2486 510 2548; x_wconf 84' lang='lat' dir='ltr'><strong>filia</strong></span> <span class='ocrx_word' id='word_1_237' title='bbox 525 2512 539 2553; x_wconf 77' lang='lat' dir='ltr'><strong>z,</strong></span> <span class='ocrx_word' id='word_1_238' title='bbox 554 2489 634 2548; x_wconf 90' lang='lat' dir='ltr'><strong>mihi</strong></span> <span class='ocrx_word' id='word_1_239' title='bbox 648 2510 721 2549; x_wconf 86' lang='lat' dir='ltr'><strong>vero</strong></span> <span class='ocrx_word' id='word_1_240' title='bbox 739 2489 921 2554; x_wconf 77' lang='lat' dir='ltr'><strong>adversatur</strong></span> <span class='ocrx_word' id='word_1_241' title='bbox 934 2509 1009 2570; x_wconf 86' lang='lat' dir='ltr'><strong>gens</strong></span> <span class='ocrx_word' id='word_1_242' title='bbox 1023 2485 1174 2570; x_wconf 87' lang='lat' dir='ltr'><strong>profuga,</strong></span> <span class='ocrx_word' id='word_1_243' title='bbox 1194 2489 1268 2545; x_wconf 87' lang='lat' dir='ltr'><strong>Tro-</strong></span> 
     </span>
    </p>

    <p class='ocr_par' dir='ltr' id='par_1_11' title="bbox 182 2575 1271 3012">
     <span class='ocr_line' id='line_1_27' title="bbox 202 2575 1268 2661; baseline -0.003 -25"><span class='ocrx_word' id='word_1_244' title='bbox 202 2615 204 2619; x_wconf 91' lang='lat'>·</span> <span class='ocrx_word' id='word_1_245' title='bbox 220 2576 311 2656; x_wconf 85' lang='lat' dir='ltr'><strong>jana,</strong></span> <span class='ocrx_word' id='word_1_246' title='bbox 327 2579 420 2638; x_wconf 81' lang='lat' dir='ltr'><strong>victa.</strong></span> <span class='ocrx_word' id='word_1_247' title='bbox 435 2578 487 2636; x_wconf 73' lang='lat' dir='ltr'><strong>ais</strong></span> <span class='ocrx_word' id='word_1_248' title='bbox 504 2576 686 2658; x_wconf 78' lang='lat' dir='ltr'><strong>Tyrrhenum</strong></span> <span class='ocrx_word' id='word_1_249' title='bbox 699 2601 814 2661; x_wconf 75' lang='lat' dir='ltr'><strong>aequor,</strong></span> <span class='ocrx_word' id='word_1_250' title='bbox 835 2579 944 2655; x_wconf 87' lang='lat' dir='ltr'><strong>idest,</strong></span> <span class='ocrx_word' id='word_1_251' title='bbox 964 2599 1029 2638; x_wconf 87' lang='lat' dir='ltr'><strong>nou</strong></span> <span class='ocrx_word' id='word_1_252' title='bbox 1044 2575 1103 2638; x_wconf 91' lang='lat' dir='ltr'><strong>tibi</strong></span> <span class='ocrx_word' id='word_1_253' title='bbox 1118 2590 1268 2636; x_wconf 85' lang='lat' dir='ltr'><strong>cunctan-</strong></span> 
     </span>
     <span class='ocr_line' id='line_1_28' title="bbox 182 2662 1269 2750; baseline -0.006 -24"><span class='ocrx_word' id='word_1_254' title='bbox 182 2721 185 2726; x_wconf 92' lang='lat'>.</span> <span class='ocrx_word' id='word_1_255' title='bbox 223 2663 314 2740; x_wconf 91' lang='lat' dir='ltr'><strong>dum,</strong></span> <span class='ocrx_word' id='word_1_256' title='bbox 333 2663 433 2739; x_wconf 87' lang='lat' dir='ltr'><strong>AEole;</strong></span> <span class='ocrx_word' id='word_1_257' title='bbox 451 2685 525 2724; x_wconf 84' lang='lat' dir='ltr'><strong>nam</strong></span> <span class='ocrx_word' id='word_1_258' title='bbox 544 2667 576 2726; x_wconf 89' lang='lat' dir='ltr'><strong>in</strong></span> <span class='ocrx_word' id='word_1_259' title='bbox 594 2667 755 2748; x_wconf 77' lang='lat' dir='ltr'><strong>Tyrrheno</strong></span> <span class='ocrx_word' id='word_1_260' title='bbox 771 2668 838 2748; x_wconf 88' lang='lat' dir='ltr'><strong>jam</strong></span> <span class='ocrx_word' id='word_1_261' title='bbox 857 2682 946 2744; x_wconf 86' lang='lat' dir='ltr'><strong>sunt,</strong></span> <span class='ocrx_word' id='word_1_262' title='bbox 966 2682 1060 2750; x_wconf 91' lang='lat' dir='ltr'><strong>atque</strong></span> <span class='ocrx_word' id='word_1_263' title='bbox 1077 2664 1156 2725; x_wconf 87' lang='lat' dir='ltr'><strong>adeo</strong></span> <span class='ocrx_word' id='word_1_264' title='bbox 1173 2662 1269 2724; x_wconf 77' lang='lat' dir='ltr'><strong>ltaliae</strong></span> 
     </span>
     <span class='ocr_line' id='line_1_29' title="bbox 223 2752 1270 2839; baseline -0.003 -25"><span class='ocrx_word' id='word_1_265' title='bbox 223 2756 368 2836; x_wconf 83' lang='lat' dir='ltr'><strong>proximi.</strong></span> <span class='ocrx_word' id='word_1_266' title='bbox 388 2752 460 2830; x_wconf 90' lang='lat' dir='ltr'><strong>Vel,</strong></span> <span class='ocrx_word' id='word_1_267' title='bbox 479 2757 512 2813; x_wconf 93' lang='lat' dir='ltr'><strong>in</strong></span> <span class='ocrx_word' id='word_1_268' title='bbox 532 2769 586 2816; x_wconf 87' lang='lat' dir='ltr'><strong>tuo</strong></span> <span class='ocrx_word' id='word_1_269' title='bbox 607 2771 681 2816; x_wconf 91' lang='lat' dir='ltr'><strong>sunt</strong></span> <span class='ocrx_word' id='word_1_270' title='bbox 701 2778 812 2838; x_wconf 85' lang='lat' dir='ltr'><strong>regno;</strong></span> <span class='ocrx_word' id='word_1_271' title='bbox 831 2756 902 2818; x_wconf 82' lang='lat' dir='ltr'><strong>vide</strong></span> <span class='ocrx_word' id='word_1_272' title='bbox 921 2779 992 2839; x_wconf 77' lang='lat' dir='ltr'><strong>quae</strong></span> <span class='ocrx_word' id='word_1_273' title='bbox 1010 2755 1161 2816; x_wconf 87' lang='lat' dir='ltr'><strong>audacia:</strong></span> <span class='ocrx_word' id='word_1_274' title='bbox 1181 2773 1270 2827; x_wconf 86' lang='lat' dir='ltr'><strong>nam,</strong></span> 
     </span>
     <span class='ocr_line' id='line_1_30' title="bbox 223 2841 1271 2926; baseline -0.005 -24"><span class='ocrx_word' id='word_1_275' title='bbox 223 2841 346 2902; x_wconf 82' lang='lat' dir='ltr'><strong>AEolum</strong></span> <span class='ocrx_word' id='word_1_276' title='bbox 361 2843 477 2920; x_wconf 83' lang='lat' dir='ltr'><strong>Regem</strong></span> <span class='ocrx_word' id='word_1_277' title='bbox 490 2841 588 2902; x_wconf 83' lang='lat' dir='ltr'><strong>fuisse</strong></span> <span class='ocrx_word' id='word_1_278' title='bbox 604 2843 838 2926; x_wconf 78' lang='lat' dir='ltr'><strong>Tyrrhenorum</strong></span> <span class='ocrx_word' id='word_1_279' title='bbox 853 2860 986 2904; x_wconf 88' lang='lat' dir='ltr'><strong>constat.</strong></span> <span class='ocrx_word' id='word_1_280' title='bbox 1002 2842 1207 2926; x_wconf 80' lang='lat' dir='ltr'><strong>Progredior:</strong></span> <span class='ocrx_word' id='word_1_281' title='bbox 1227 2842 1271 2898; x_wconf 93' lang='lat' dir='ltr'><strong>ait</strong></span> 
     </span>
     <span class='ocr_line' id='line_1_31' title="bbox 224 2927 1270 3012; baseline 0 -26"><span class='ocrx_word' id='word_1_282' title='bbox 224 2932 256 2987; x_wconf 90' lang='lat' dir='ltr'><strong>in</strong></span> <span class='ocrx_word' id='word_1_283' title='bbox 271 2943 384 3010; x_wconf 89' lang='lat' dir='ltr'><strong>quarto</strong></span> <span class='ocrx_word' id='word_1_284' title='bbox 396 2947 502 3004; x_wconf 86' lang='lat' dir='ltr'><strong>versu,</strong></span> <span class='ocrx_word' id='word_1_285' title='bbox 515 2927 604 2992; x_wconf 83' lang='lat' dir='ltr'><strong>Ilium</strong></span> <span class='ocrx_word' id='word_1_286' title='bbox 618 2946 753 3012; x_wconf 79' lang='lat' dir='ltr'><strong>portans,</strong></span> <span class='ocrx_word' id='word_1_287' title='bbox 768 2933 800 2992; x_wconf 90' lang='lat' dir='ltr'><strong>id</strong></span> <span class='ocrx_word' id='word_1_288' title='bbox 814 2947 875 3008; x_wconf 88' lang='lat' dir='ltr'><strong>est,</strong></span> <span class='ocrx_word' id='word_1_289' title='bbox 889 2953 938 2993; x_wconf 88' lang='lat' dir='ltr'><strong>res</strong></span> <span class='ocrx_word' id='word_1_290' title='bbox 950 2931 1092 3007; x_wconf 88' lang='lat' dir='ltr'><strong>Ilienses;</strong></span> <span class='ocrx_word' id='word_1_291' title='bbox 1105 2931 1161 2992; x_wconf 90' lang='lat' dir='ltr'><strong>sed</strong></span> <span class='ocrx_word' id='word_1_292' title='bbox 1174 2931 1270 3010; x_wconf 88' lang='lat' dir='ltr'><strong>signi·</strong></span> 
     </span>
    </p>
   </div>
   <div class='ocr_carea' id='block_1_11' title="bbox 223 3077 1273 4020">
    <p class='ocr_par' dir='ltr' id='par_1_12' title="bbox 223 3077 1272 3543">
     <span class='ocr_line' id='line_1_32' title="bbox 224 3077 1271 3152; baseline 0.002 -20"><span class='ocrx_word' id='word_1_293' title='bbox 224 3079 299 3132; x_wconf 82' lang='lat' dir='ltr'><strong>deest</strong></span> <span class='ocrx_word' id='word_1_294' title='bbox 311 3080 395 3144; x_wconf 85' lang='lat' dir='ltr'><strong>enim,</strong></span> <span class='ocrx_word' id='word_1_295' title='bbox 408 3077 533 3151; x_wconf 84' lang='lat' dir='ltr'><strong>affligam.</strong></span> <span class='ocrx_word' id='word_1_296' title='bbox 546 3080 658 3133; x_wconf 86' lang='lat' dir='ltr'><strong>-Sane</strong></span> <span class='ocrx_word' id='word_1_297' title='bbox 670 3085 723 3134; x_wconf 80' lang='lat' dir='ltr'><strong>An·</strong></span> <span class='ocrx_word' id='word_1_298' title='bbox 766 3081 904 3137; x_wconf 65' lang='grc' dir='ltr'><strong>θάλατταν.</strong></span> <span class='ocrx_word' id='word_1_299' title='bbox 912 3085 968 3136; x_wconf 86' lang='lat' dir='ltr'><strong>Nos</strong></span> <span class='ocrx_word' id='word_1_300' title='bbox 979 3096 1068 3136; x_wconf 85' lang='lat' dir='ltr'><strong>autem</strong></span> <span class='ocrx_word' id='word_1_301' title='bbox 1077 3082 1193 3136; x_wconf 72' lang='lat' dir='ltr'><strong>dicimus</strong></span> <span class='ocrx_word' id='word_1_302' title='bbox 1202 3119 1210 3148; x_wconf 90' lang='lat'><strong>,</strong></span> <span class='ocrx_word' id='word_1_303' title='bbox 1220 3099 1271 3152; x_wconf 84' lang='lat' dir='ltr'><strong>per</strong></span> 
     </span>
     <span class='ocr_line' id='line_1_33' title="bbox 223 3158 1272 3236; baseline 0.001 -25"><span class='ocrx_word' id='word_1_304' title='bbox 223 3161 291 3231; x_wconf 87' lang='lat' dir='ltr'><strong>tiqui</strong></span> <span class='ocrx_word' id='word_1_305' title='bbox 303 3160 427 3230; x_wconf 84' lang='lat' dir='ltr'><strong>quotiens</strong></span> <span class='ocrx_word' id='word_1_306' title='bbox 444 3175 460 3209; x_wconf 86' lang='lat' dir='ltr'><strong>a</strong></span> <span class='ocrx_word' id='word_1_307' title='bbox 475 3158 623 3211; x_wconf 83' lang='lat' dir='ltr'><strong>minoribus</strong></span> <span class='ocrx_word' id='word_1_308' title='bbox 641 3161 722 3214; x_wconf 84' lang='lat' dir='ltr'><strong>bene·</strong></span> <span class='ocrx_word' id='word_1_309' title='bbox 765 3165 980 3236; x_wconf 76' lang='lat' dir='ltr'><strong>oequornaviqat3</strong></span> <span class='ocrx_word' id='word_1_310' title='bbox 993 3181 1074 3234; x_wconf 84' lang='lat' dir='ltr'><strong>quum</strong></span> <span class='ocrx_word' id='word_1_311' title='bbox 1082 3162 1272 3214; x_wconf 68' lang='lat' dir='ltr'><strong>latinitasexi-</strong></span> 
     </span>
     <span class='ocr_line' id='line_1_34' title="bbox 223 3236 1272 3314; baseline 0 -25"><span class='ocrx_word' id='word_1_312' title='bbox 223 3238 312 3290; x_wconf 81' lang='lat' dir='ltr'><strong>linium</strong></span> <span class='ocrx_word' id='word_1_313' title='bbox 327 3236 471 3310; x_wconf 85' lang='lat' dir='ltr'><strong>petebant,</strong></span> <span class='ocrx_word' id='word_1_314' title='bbox 492 3256 509 3289; x_wconf 85' lang='lat' dir='ltr'><strong>a</strong></span> <span class='ocrx_word' id='word_1_315' title='bbox 526 3240 633 3290; x_wconf 89' lang='lat' dir='ltr'><strong>nomine</strong></span> <span class='ocrx_word' id='word_1_316' title='bbox 652 3241 720 3291; x_wconf 88' lang='lat' dir='ltr'><strong>inci·</strong></span> <span class='ocrx_word' id='word_1_317' title='bbox 765 3255 825 3314; x_wconf 86' lang='lat' dir='ltr'><strong>gat,</strong></span> <span class='ocrx_word' id='word_1_318' title='bbox 837 3255 867 3294; x_wconf 89' lang='grc' dir='ltr'><strong>ιιι</strong></span> <span class='ocrx_word' id='word_1_319' title='bbox 879 3242 994 3295; x_wconf 87' lang='lat' dir='ltr'><strong>addatur</strong></span> <span class='ocrx_word' id='word_1_320' title='bbox 1005 3244 1160 3314; x_wconf 81' lang='lat' dir='ltr'><strong>praepositio</strong></span> <span class='ocrx_word' id='word_1_321' title='bbox 1168 3259 1223 3313; x_wconf 83' lang='lat' dir='ltr'><strong>per.</strong></span> <span class='ocrx_word' id='word_1_322' title='bbox 1235 3240 1272 3290; x_wconf 84' lang='lat' dir='ltr'><strong>Et</strong></span> 
     </span>
     <span class='ocr_line' id='line_1_35' title="bbox 223 3317 1271 3394; baseline 0 -24"><span class='ocrx_word' id='word_1_323' title='bbox 223 3318 351 3388; x_wconf 78' lang='lat' dir='ltr'><strong>piabant3</strong></span> <span class='ocrx_word' id='word_1_324' title='bbox 376 3329 402 3370; x_wconf 87' lang='lat' dir='ltr'><strong>et</strong></span> <span class='ocrx_word' id='word_1_325' title='bbox 423 3327 481 3370; x_wconf 85' lang='lat' dir='ltr'><strong>erat</strong></span> <span class='ocrx_word' id='word_1_326' title='bbox 498 3317 676 3383; x_wconf 84' lang='lat' dir='ltr'><strong>honoratius,</strong></span> <span class='ocrx_word' id='word_1_327' title='bbox 698 3320 721 3370; x_wconf 91' lang='lat' dir='ltr'><strong>si</strong></span> <span class='ocrx_word' id='word_1_328' title='bbox 750 3335 920 3388; x_wconf 62' lang='lat' dir='ltr'><strong>monuerat,</strong></span> <span class='ocrx_word' id='word_1_329' title='bbox 933 3321 1005 3394; x_wconf 91' lang='lat' dir='ltr'><strong>quod</strong></span> <span class='ocrx_word' id='word_1_330' title='bbox 1017 3318 1271 3393; x_wconf 70' lang='lat' dir='ltr'><strong>Tprlmumaddi-</strong></span> 
     </span>
     <span class='ocr_line' id='line_1_36' title="bbox 223 3397 1271 3471; baseline 0.002 -23"><span class='ocrx_word' id='word_1_331' title='bbox 223 3413 325 3450; x_wconf 85' lang='lat' dir='ltr'><strong>nomen</strong></span> <span class='ocrx_word' id='word_1_332' title='bbox 334 3397 416 3466; x_wconf 85' lang='lat' dir='ltr'><strong>ipsius</strong></span> <span class='ocrx_word' id='word_1_333' title='bbox 436 3409 497 3448; x_wconf 85' lang='lat' dir='ltr'><strong>ante</strong></span> <span class='ocrx_word' id='word_1_334' title='bbox 514 3397 676 3468; x_wconf 64' lang='lat' dir='ltr'><strong>praeferrent.</strong></span> <span class='ocrx_word' id='word_1_335' title='bbox 694 3400 720 3450; x_wconf 89' lang='lat' dir='ltr'><strong>S.</strong></span> <span class='ocrx_word' id='word_1_336' title='bbox 767 3401 822 3464; x_wconf 86' lang='lat' dir='ltr'><strong>dit;</strong></span> <span class='ocrx_word' id='word_1_337' title='bbox 841 3402 947 3456; x_wconf 82' lang='lat' dir='ltr'><strong>videtur</strong></span> <span class='ocrx_word' id='word_1_338' title='bbox 961 3404 1029 3454; x_wconf 87' lang='lat' dir='ltr'><strong>enim</strong></span> <span class='ocrx_word' id='word_1_339' title='bbox 1048 3401 1139 3454; x_wconf 81' lang='lat' dir='ltr'><strong>dicere</strong></span> <span class='ocrx_word' id='word_1_340' title='bbox 1157 3403 1214 3471; x_wconf 86' lang='lat' dir='ltr'><strong>jam</strong></span> <span class='ocrx_word' id='word_1_341' title='bbox 1229 3401 1271 3452; x_wconf 85' lang='lat' dir='ltr'><strong>eis</strong></span> 
     </span>
     <span class='ocr_line' id='line_1_37' title="bbox 258 3475 1070 3543; baseline 0.006 -17"><span class='ocrx_word' id='word_1_342' title='bbox 258 3476 301 3543; x_wconf 82' lang='lat'><strong>67.</strong></span> <span class='ocrx_word' id='word_1_343' title='bbox 322 3475 395 3526; x_wconf 77' lang='lat' dir='ltr'><strong>Gens.</strong></span> <span class='ocrx_word' id='word_1_344' title='bbox 409 3475 500 3528; x_wconf 84' lang='lat' dir='ltr'><strong>Sermo</strong></span> <span class='ocrx_word' id='word_1_345' title='bbox 514 3475 575 3541; x_wconf 89' lang='lat' dir='ltr'><strong>hio,</strong></span> <span class='ocrx_word' id='word_1_346' title='bbox 595 3489 622 3527; x_wconf 88' lang='lat' dir='ltr'><strong>et</strong></span> <span class='ocrx_word' id='word_1_347' title='bbox 637 3479 722 3528; x_wconf 88' lang='lat' dir='ltr'><strong>natio·</strong></span> <span class='ocrx_word' id='word_1_348' title='bbox 765 3480 869 3532; x_wconf 79' lang='lat' dir='ltr'><strong>ltaliam</strong></span> <span class='ocrx_word' id='word_1_349' title='bbox 879 3499 936 3533; x_wconf 84' lang='lat' dir='ltr'><strong>esse</strong></span> <span class='ocrx_word' id='word_1_350' title='bbox 947 3482 1070 3532; x_wconf 82' lang='lat' dir='ltr'><strong>vicinam.</strong></span> 
     </span>
    </p>

    <p class='ocr_par' dir='ltr' id='par_1_13' title="bbox 223 3553 1273 4020">
     <span class='ocr_line' id='line_1_38' title="bbox 223 3553 1271 3630; baseline 0.005 -26"><span class='ocrx_word' id='word_1_351' title='bbox 223 3571 285 3605; x_wconf 83' lang='lat' dir='ltr'><strong>nam</strong></span> <span class='ocrx_word' id='word_1_352' title='bbox 305 3553 451 3623; x_wconf 76' lang='lat' dir='ltr'><strong>significat,</strong></span> <span class='ocrx_word' id='word_1_353' title='bbox 470 3568 496 3606; x_wconf 85' lang='lat' dir='ltr'><strong>et</strong></span> <span class='ocrx_word' id='word_1_354' title='bbox 509 3556 653 3619; x_wconf 70' lang='lat' dir='ltr'><strong>familiam</strong></span> <span class='ocrx_word' id='word_1_355' title='bbox 675 3557 727 3610; x_wconf 88' lang='lat' dir='ltr'><strong>sed</strong></span> <span class='ocrx_word' id='word_1_356' title='bbox 801 3559 844 3612; x_wconf 79' lang='lat'><strong>68.</strong></span> <span class='ocrx_word' id='word_1_357' title='bbox 855 3559 937 3611; x_wconf 83' lang='lat' dir='ltr'><strong>Illum</strong></span> <span class='ocrx_word' id='word_1_358' title='bbox 950 3561 977 3610; x_wconf 85' lang='lat' dir='ltr'><strong>in</strong></span> <span class='ocrx_word' id='word_1_359' title='bbox 988 3558 1097 3610; x_wconf 83' lang='lat' dir='ltr'><strong>Ituliam</strong></span> <span class='ocrx_word' id='word_1_360' title='bbox 1107 3569 1223 3630; x_wconf 71' lang='lat' dir='ltr'><strong>ponaris.</strong></span> <span class='ocrx_word' id='word_1_361' title='bbox 1235 3556 1271 3609; x_wconf 89' lang='lat' dir='ltr'><strong>ld</strong></span> 
     </span>
     <span class='ocr_line' id='line_1_39' title="bbox 224 3631 1273 3705; baseline 0.003 -22"><span class='ocrx_word' id='word_1_362' title='bbox 224 3651 296 3683; x_wconf 90' lang='lat' dir='ltr'><strong>nuno</strong></span> <span class='ocrx_word' id='word_1_363' title='bbox 309 3631 345 3682; x_wconf 88' lang='lat' dir='ltr'><strong>ad</strong></span> <span class='ocrx_word' id='word_1_364' title='bbox 356 3644 497 3703; x_wconf 84' lang='lat' dir='ltr'><strong>utrumque</strong></span> <span class='ocrx_word' id='word_1_365' title='bbox 511 3648 599 3705; x_wconf 86' lang='lat' dir='ltr'><strong>potest</strong></span> <span class='ocrx_word' id='word_1_366' title='bbox 611 3635 720 3688; x_wconf 84' lang='lat' dir='ltr'><strong>referri:</strong></span> <span class='ocrx_word' id='word_1_367' title='bbox 767 3651 822 3704; x_wconf 86' lang='lat' dir='ltr'><strong>est,</strong></span> <span class='ocrx_word' id='word_1_368' title='bbox 832 3657 874 3692; x_wconf 86' lang='lat' dir='ltr'><strong>res</strong></span> <span class='ocrx_word' id='word_1_369' title='bbox 883 3639 1006 3691; x_wconf 80' lang='lat' dir='ltr'><strong>ilienses:</strong></span> <span class='ocrx_word' id='word_1_370' title='bbox 1022 3651 1048 3690; x_wconf 85' lang='lat' dir='ltr'><strong>et</strong></span> <span class='ocrx_word' id='word_1_371' title='bbox 1059 3638 1192 3690; x_wconf 83' lang='lat' dir='ltr'><strong>invidiosa</strong></span> <span class='ocrx_word' id='word_1_372' title='bbox 1202 3637 1273 3688; x_wconf 85' lang='lat' dir='ltr'><strong>dicit</strong></span> 
     </span>
     <span class='ocr_line' id='line_1_40' title="bbox 225 3711 1271 3788; baseline 0.005 -26"><span class='ocrx_word' id='word_1_373' title='bbox 225 3729 287 3762; x_wconf 84' lang='lat' dir='ltr'><strong>nam</strong></span> <span class='ocrx_word' id='word_1_374' title='bbox 302 3723 347 3760; x_wconf 91' lang='lat' dir='ltr'><strong>aut</strong></span> <span class='ocrx_word' id='word_1_375' title='bbox 362 3711 396 3761; x_wconf 87' lang='lat' dir='ltr'><strong>ad</strong></span> <span class='ocrx_word' id='word_1_376' title='bbox 413 3712 540 3764; x_wconf 85' lang='lat' dir='ltr'><strong>familiam</strong></span> <span class='ocrx_word' id='word_1_377' title='bbox 554 3715 657 3779; x_wconf 82' lang='lat' dir='ltr'><strong>AEneaa,</strong></span> <span class='ocrx_word' id='word_1_378' title='bbox 676 3729 722 3767; x_wconf 89' lang='lat' dir='ltr'><strong>aut</strong></span> <span class='ocrx_word' id='word_1_379' title='bbox 765 3716 862 3783; x_wconf 79' lang='lat' dir='ltr'><strong>Ilium,</strong></span> <span class='ocrx_word' id='word_1_380' title='bbox 879 3719 955 3788; x_wconf 82' lang='lat' dir='ltr'><strong>quasi</strong></span> <span class='ocrx_word' id='word_1_381' title='bbox 967 3719 1053 3788; x_wconf 88' lang='lat' dir='ltr'><strong>ipsam</strong></span> <span class='ocrx_word' id='word_1_382' title='bbox 1067 3729 1160 3770; x_wconf 85' lang='lat' dir='ltr'><strong>cernat</strong></span> <span class='ocrx_word' id='word_1_383' title='bbox 1175 3718 1271 3769; x_wconf 83' lang='lat' dir='ltr'><strong>eivita-</strong></span> 
     </span>
     <span class='ocr_line' id='line_1_41' title="bbox 226 3789 1272 3871; baseline 0.003 -28"><span class='ocrx_word' id='word_1_384' title='bbox 226 3789 719 3871; x_wconf 67' lang='lat' dir='ltr'><strong>adTrojanamgentemrelemur.Sem.</strong></span> <span class='ocrx_word' id='word_1_385' title='bbox 766 3808 832 3862; x_wconf 87' lang='lat' dir='ltr'><strong>tem,</strong></span> <span class='ocrx_word' id='word_1_386' title='bbox 846 3815 927 3867; x_wconf 89' lang='lat' dir='ltr'><strong>quum</strong></span> <span class='ocrx_word' id='word_1_387' title='bbox 936 3797 1067 3866; x_wconf 71' lang='lat' dir='ltr'><strong>Troianos</strong></span> <span class='ocrx_word' id='word_1_388' title='bbox 1079 3798 1220 3868; x_wconf 82' lang='lat' dir='ltr'><strong>aspexerit.</strong></span> <span class='ocrx_word' id='word_1_389' title='bbox 1231 3796 1272 3847; x_wconf 87' lang='lat' dir='ltr'><strong>Et</strong></span> 
     </span>
     <span class='ocr_line' id='line_1_42' title="bbox 225 3870 1272 3946; baseline 0.006 -25"><span class='ocrx_word' id='word_1_390' title='bbox 225 3899 260 3910; x_wconf 87' lang='lat'><strong>-·</strong></span> <span class='ocrx_word' id='word_1_391' title='bbox 273 3870 388 3942; x_wconf 72' lang='lat' dir='ltr'><strong>Navigat</strong></span> <span class='ocrx_word' id='word_1_392' title='bbox 405 3886 499 3941; x_wconf 70' lang='lat' dir='ltr'><strong>(equor.</strong></span> <span class='ocrx_word' id='word_1_393' title='bbox 516 3873 610 3944; x_wconf 82' lang='lat' dir='ltr'><strong>Figura</strong></span> <span class='ocrx_word' id='word_1_394' title='bbox 629 3874 722 3928; x_wconf 83' lang='lat' dir='ltr'><strong>Graeoa</strong></span> <span class='ocrx_word' id='word_1_395' title='bbox 765 3873 936 3942; x_wconf 69' lang='lat' dir='ltr'><strong>lienellium,</strong></span> <span class='ocrx_word' id='word_1_396' title='bbox 947 3875 999 3927; x_wconf 89' lang='lat' dir='ltr'><strong>hoe</strong></span> <span class='ocrx_word' id='word_1_397' title='bbox 1008 3887 1060 3943; x_wconf 86' lang='lat' dir='ltr'><strong>est,</strong></span> <span class='ocrx_word' id='word_1_398' title='bbox 1075 3876 1173 3929; x_wconf 83' lang='lat' dir='ltr'><strong>urbem</strong></span> <span class='ocrx_word' id='word_1_399' title='bbox 1185 3894 1272 3946; x_wconf 80' lang='lat' dir='ltr'><strong>quam</strong></span> 
     </span>
     <span class='ocr_line' id='line_1_43' title="bbox 226 3949 1136 4020; baseline 0.01 -19"><span class='ocrx_word' id='word_1_400' title='bbox 226 3961 280 4001; x_wconf 86' lang='lat' dir='ltr'><strong>est:</strong></span> <span class='ocrx_word' id='word_1_401' title='bbox 292 3949 363 4020; x_wconf 90' lang='lat' dir='ltr'><strong>apud</strong></span> <span class='ocrx_word' id='word_1_402' title='bbox 370 3949 573 4011; x_wconf 77' lang='lat' dir='ltr'><strong>Demosthenem</strong></span> <span class='ocrx_word' id='word_1_403' title='bbox 582 3975 587 4003; x_wconf 93' lang='lat'><strong>:</strong></span> <span class='ocrx_word' id='word_1_404' title='bbox 596 3950 671 4006; x_wconf 69' lang='lat' dir='ltr'><strong>oraim</strong></span> <span class='ocrx_word' id='word_1_405' title='bbox 681 3953 721 4007; x_wconf 72' lang='lat' dir='ltr'><strong>rtis</strong></span> <span class='ocrx_word' id='word_1_406' title='bbox 765 3955 821 4009; x_wconf 82' lang='lat' dir='ltr'><strong>fata</strong></span> <span class='ocrx_word' id='word_1_407' title='bbox 830 3959 900 4009; x_wconf 74' lang='lat' dir='ltr'><strong>‘stare</strong></span> <span class='ocrx_word' id='word_1_408' title='bbox 912 3957 1054 4010; x_wconf 84' lang='lat' dir='ltr'><strong>noluerint.</strong></span> <span class='ocrx_word' id='word_1_409' title='bbox 1064 3957 1136 4010; x_wconf 83' lang='lat' dir='ltr'><strong>Seru.</strong></span> 
     </span>
    </p>
   </div>
   <div class='ocr_carea' id='block_1_12' title="bbox 0 0 1341 4596">
    <p class='ocr_par' dir='ltr' id='par_1_14' title="bbox 0 0 1341 4596">
     <span class='ocr_line' id='line_1_44' title="bbox 0 0 1341 4596; baseline 0 0"><span class='ocrx_word' id='word_1_410' title='bbox 0 0 1341 4596; x_wconf 95' lang='lat' dir='ltr'><strong> </strong></span> 
     </span>
    </p>
   </div>
  </div>
 </body>
</html>
