2700 4586
338 313 390 380 IN
414 310 648 380 AENEIDOS
670 313 763 379 LlB.
787 315 835 380 11.
1042 337 1102 404 107

62 451 151 513 etas3
166 458 246 498 nam
257 439 366 519 primis
378 436 418 497 ab
431 437 520 496 annis
534 456 638 496 comes
652 434 727 511 fuit,
747 436 936 521 adbaesitque
947 437 1107 498 Palamedi

61 529 130 588 viro
148 530 288 610 optimo,
307 547 343 586 ex
354 525 442 604 cujus
460 523 615 606 frequenti
632 525 788 608 longaque
801 527 1024 588 consuetudine
1042 547 1107 585 non

62 618 166 700 potuit
178 615 305 676 fraudes
320 613 493 675 addiscere:
515 635 561 674 res
574 627 680 694 gestae3
701 635 773 674 nam
789 637 841 675 nos
856 615 977 698 aliquod
990 635 1109 675 nomm·

63 723 118 784 que
137 701 281 784 decusque
299 704 456 783 pessimus:
479 701 550 760 vide
570 701 755 761 modestiam
773 723 806 762 se
826 703 1033 784 praedicantis.
1055 705 1109 762 Est

64 812 172 852 nomen
183 806 213 852 et
225 792 416 872 decerperem
427 789 549 870 phrasis
562 791 639 849 mire
653 792 787 872 poetica,
800 813 872 872 pro,
886 813 1001 852 nomen
1014 805 1045 850 et
1059 788 1110 848 de-

64 900 114 938 cus
132 879 279 959 gerendis
298 879 388 938 rebus
408 879 595 938 militaribus
614 881 772 960 consequi.
794 880 850 938 Sed
874 880 947 960 quid
972 878 1050 939 illud
1072 875 1109 936 de

64 967 246 1042 Palamede,
260 967 329 1028 dum
343 965 438 1028 stabat
451 964 606 1026 incolumis
618 973 727 1046 raquo?
740 966 815 1024 dum
827 965 1031 1046 uipebutillius
1041 984 1110 1023 auc·

64 1058 171 1116 toritas
185 1059 219 1116 in
231 1061 344 1138 Requm
356 1055 580 1116 conventibus?
596 1057 642 1114 An
658 1053 838 1114 Palamedes
850 1053 929 1114 Rex?
942 1076 1008 1114 non
1022 1072 1110 1133 repe-

64 1146 137 1218 ries,
157 1147 342 1227 interpretes
364 1147 479 1226 quippe
498 1142 549 1204 hic
566 1148 711 1222 ἀπιθάνωςε
734 1163 807 1224 ergo
827 1164 930 1225 regem
950 1155 1055 1215 vocat,
1075 1153 1112 1200 ut

65 1251 207 1312 proceres
229 1233 406 1292 alios'belli
428 1232 571 1312 Trojani‚
592 1231 731 1311 Ajacem,
750 1231 916 1306 Achillem,
934 1233 1111 1303 Nestorem,

67 1321 236 1380 Homerus.
251 1323 407 1382 Hactenus
420 1341 492 1380 suas
507 1321 671 1381 felicitates
682 1321 788 1382 Sinon.

39 1477 50 1510 ·
106 1427 156 1486 90.
169 1407 255 1484 Quid
268 1428 341 1468 vero
356 1407 522 1470 Palamede
535 1407 662 1470 sublato
673 1409 791 1468 invidia
800 1406 937 1490 Ulyssis?
948 1405 1113 1480 iacebam,

68 1496 186 1577 inquit,
207 1498 242 1557 in
254 1495 415 1578 lacrymis,
436 1519 569 1558 moerore
584 1511 615 1558 et
630 1496 781 1570 tenebris3
803 1518 988 1580 mecumque
1003 1496 1112 1557 tacitus

68 1585 255 1660 aestuabam,
268 1600 299 1646 et
311 1587 458 1648 ardebam
470 1610 477 1645 ε
491 1588 654 1667 conjungit
665 1589 772 1670 itaque
782 1586 940 1668 duplicem
950 1584 1112 1656 affectum,

70 1673 171 1749 quiin
189 1675 278 1732 omui
293 1675 458 1734 acerbitate
475 1677 673 1756 potissimus,
694 1676 850 1750 dolorem,
871 1689 901 1735 et
919 1676 1008 1735 iram.
1029 1669 1112 1732 Illud

70 1755 150 1818 baud
169 1762 272 1840 iqnota
291 1759 405 1842 loquor,
427 1774 488 1838 est,
510 1764 603 1822 etiam
625 1765 650 1822 si
670 1762 780 1838 velim,
799 1783 953 1846 nequeam
972 1761 1113 1834 mentiri,

69 1845 183 1929 loquor
197 1862 272 1910 nota
284 1852 370 1924 satis3
382 1864 411 1910 et
422 1853 585 1932 perspicua
597 1853 755 1912 omnibus.

107 1933 157 2014 94.
178 1937 276 2018 Erupi
296 1960 422 2019 quoque
441 1941 476 1999 in
493 1953 611 2020 apertas
630 1937 706 2016 iras,
725 1955 757 2002 et
771 1942 865 2002 verba
883 1963 940 2024 per
958 1957 1114 2000 summam

73 2021 278 2100 dementiam,
297 2028 440 2106 interque
454 2029 528 2101 iras,
552 2043 582 2088 et
595 2029 687 2090 verba
701 2029 813 2090 excidit
826 2051 885 2089 vox
900 2029 1047 2089 ultionis:
1066 2025 1114 2084 di-

72 2110 181 2176 cebam
193 2115 293 2188 enim,
306 2116 331 2173 si
346 2115 492 2174 alicunde
504 2115 582 2174 mihi
592 2119 714 2178 occasio
729 2117 921 2177 illucesceret
931 2112 1116 2185 ulciscendi,

74 2215 269 2281 arrepturum
280 2223 330 2282 me
343 2201 427 2264 illam
436 2248 444 2277 ,
454 2225 557 2287 neque
565 2206 846 2284 ¹praetermissurum
858 2198 864 2262 :¹
876 2217 968 2283 atque
979 2204 1037 2275 ita,
1046 2219 1116 2260 ver·
1171 2230 1173 2236 v

72 2287 118 2348 bis
134 2290 254 2370 Ulyssis
267 2293 407 2350 animum
422 2291 617 2366 exacerbavi,
630 2305 659 2356 et
671 2307 779 2354 contra
793 2314 843 2354 me
857 2292 1022 2352 commovi.
1113 2309 1115 2314 ·

109 2397 159 2458 97.
172 2378 280 2454 Quum
292 2379 388 2440 libere
398 2379 556 2460 loquerer,
570 2380 701 2464 indigua
712 2381 796 2442 caede
805 2377 980 2442 Palamedis
991 2392 1115 2460 permo-

75 2480 137 2542 tus,
157 2468 281 2528 reddidi
302 2468 380 2530 mibi
400 2471 541 2552 Ulyssem
561 2469 685 2544 bostem
707 2471 959 2532 acerbissimum:
980 2469 1117 2530 terrebat
1172 2477 1174 2484 ’

72 2576 121 2615 me
133 2556 187 2616 ille
198 2559 289 2618 noris
301 2561 485 2620 criminibus
495 2559 653 2636 confictis;
663 2559 830 2642 spargebat
838 2560 877 2622 de
887 2580 937 2620 me
947 2579 1038 2619 voces
1050 2577 1115 2616 arn·

72 2641 199 2724 biguas3
214 2649 359 2708 conscius
373 2650 529 2728 quaerebat
542 2670 638 2710 arma.
650 2651 733 2710 Dicit
747 2671 822 2710 noua
834 2652 958 2710 erimina
970 2667 1043 2707 cum
1054 2666 1116 2705 res·
1172 2659 1174 2664 '

73 2746 166 2813 pectu
178 2733 220 2794 ad
232 2734 429 2797 Palamedem
441 2761 448 2795 :
463 2737 729 2818 quemadmodum
742 2737 789 2797 illi
799 2738 918 2796 crimen
928 2733 1116 2815 proditionis

74 2819 252 2895 affinxerat,
264 2823 311 2882 ita
326 2823 486 2904 querebat
496 2814 663 2908 quidmihi
676 2824 715 2885 de
727 2845 810 2883 novo
823 2824 1020 2904 impingeret.
1032 2817 1117 2876 Alte-

74 2928 159 2985 rum,
175 2924 251 2970 sunt
263 2933 345 2972 uoces
356 2913 515 2995 ametque,
530 2913 685 2996 perplexas
698 2933 805 2986 voces,
820 2911 938 2984 dubita,
950 2907 1118 2968 haerentes-

75 3020 148 3079 que,
161 2999 340 3081 nequedum
358 3003 546 3078 manifestae,
558 3003 612 3064 sed
622 3024 691 3084 quae
704 3017 827 3063 tantum
838 2999 1119 3076 iudicabantgrave
1178 3009 1180 3014 ’

75 3087 205 3169 aliquod
224 3087 345 3150 facinus
361 3093 496 3154 Sinonis.
517 3095 672 3168 Tertium,
691 3105 735 3152 est
748 3095 892 3166 conscius,
911 3089 960 3148 vel
974 3085 1035 3149 sibi
1049 3088 1118 3166 ipse

72 3220 127 3274 baec
140 3225 213 3284 enim
225 3225 313 3276 iuerat
325 3245 419 3286 caussa
432 3228 572 3281 militandi.
654 3247 696 3299 90·
718 3228 831 3282 Inuidia.
851 3227 962 3295 Propter
978 3218 1119 3271 advectum

74 3303 213 3354 -Primis
222 3305 304 3356 annis.
313 3306 367 3357 Aut
377 3305 573 3373 adolescentiae,
617 3309 788 3360 frumentum.
801 3337 835 3348 -
844 3303 962 3356 Pellaeis.
978 3301 1027 3350 Per
1038 3296 1119 3348 blan·

74 3395 119 3433 aut
135 3382 201 3434 belli
217 3401 224 3434 ε
243 3396 270 3434 et
288 3398 328 3436 est
344 3390 494 3454 excusatio,
512 3390 576 3460 quia
619 3386 698 3438 ditius
719 3383 884 3455 decipientis.
905 3378 1028 3432 Pellicere
1048 3376 1118 3428 enim

74 3464 144 3530 patri
167 3464 318 3532 parendum
335 3470 486 3520 necessario
503 3469 574 3520 fuit:
619 3478 659 3519 est
670 3485 719 3537 per
727 3462 871 3516 blanditias
884 3459 987 3512 elicere.
997 3463 1065 3508 Serv.

73 3541 134 3592 ideo
147 3555 238 3594 autem
250 3544 327 3594 misit.
337 3543 411 3598 Serv.
654 3562 698 3614 92.
714 3545 740 3598 V
739 3545 802 3594 itam
817 3542 844 3592 iu
859 3551 909 3592 ten.
926 3537 990 3590 ldeo
1004 3537 1120 3609 lugenti-

108 3621 152 3673 88.
165 3622 236 3672 Dum
248 3623 331 3674 stabat
339 3642 416 3696 repro
431 3624 574 3679 incolumis.
619 3625 670 3676 bus
678 3625 785 3674 inimica
793 3621 837 3672 lux
845 3633 897 3685 est,
906 3620 968 3689 quia
976 3627 1120 3670 caruerunt

74 3699 144 3766 Quia
154 3712 181 3752 et
192 3702 251 3771 ipse
263 3720 331 3754 uuus
342 3702 375 3756 de
387 3704 495 3776 regibus
506 3706 573 3758 fuit:
620 3722 652 3756 ea
663 3703 706 3768 hi,
719 3719 787 3772 quos
799 3700 906 3760 duleut;
919 3697 980 3750 ideo
995 3696 1118 3749 tenebras

75 3789 100 3828 et
115 3775 186 3830 bene
204 3777 308 3830 addidit
330 3779 487 3853 dignitatem
502 3785 574 3853 ejus,
619 3795 730 3856 petunt,
745 3795 771 3835 et
786 3794 843 3834 atra
856 3792 928 3834 veste
943 3781 1118 3840 amiciuntur,

75 3875 153 3926 quem
166 3857 285 3930 fingebat
296 3863 493 3932 propinquum,
506 3877 536 3915 ut
550 3867 575 3918 ei
619 3876 646 3917 et
666 3855 756 3934 capita
773 3862 911 3930 velantur,
929 3873 959 3912 ut
976 3859 1119 3911 videantur

72 3937 143 4004 justa
150 3955 233 3990 causa
241 3939 322 3992 inerit
329 3939 521 4012 indignationis
531 3944 576 3998 ad·
619 3962 679 3994 cum
692 3943 803 3994 mortuis
818 3961 910 4014 agere,
927 3941 1061 3992 imitantes
1079 3948 1119 3988 te-

75 4033 163 4080 rersus
173 4017 304 4092 Ulyssem.
314 4021 383 4083 Seru.
607 4022 708 4086 nebris
720 4024 868 4080 inferorum
881 4017 1064 4076 faciem-iera.
