2692 4594
231 323 295 372 :toa
561 313 942 380 COMMENTARIA

270 429 337 490 516.
353 433 448 494 Notat
458 435 631 512 Arcturum,
649 435 810 498 custodem
822 435 912 498 illurn
924 458 1020 498 ursae:
1036 451 1127 501 notat
1138 439 1274 522 Hyadas,

228 511 284 576 bas
301 534 391 581 vocat
406 523 542 605 pluvias3
560 540 816 610 notansetymon
832 528 931 602 vocis3
951 527 1043 588 dicta
1060 531 1148 590 enim
1165 532 1275 589 ἀπὸτοῦ
1335 577 1336 610 3

227 604 292 681 ὕειν,
312 606 344 668 id
364 625 425 688 est,
437 611 552 695 pluere:
567 629 656 684 notat
667 620 797 699 qeminos
814 620 932 692 triones,
947 617 980 678 id
997 630 1055 693 est,
1070 619 1169 680 boves
1183 617 1272 690 duos3
1335 623 1336 650 ³

229 690 292 752 alio
306 700 450 778 nomine,
465 725 568 766 ursam
584 705 750 788 duplicem.
769 707 881 766 Oriona
894 708 1010 790 pariter
1026 717 1116 768 notat
1129 719 1274 766 umatum

226 801 315 860 autu,
331 791 405 870 quia
419 795 542 876 signum
555 795 614 857 boc
627 797 796 857 ensiferum
813 810 867 858 est.

268 873 338 935 5¹8.
357 878 443 942 Nihil
461 885 495 943 in
512 885 588 946 caelo
609 899 675 946 erat
695 889 888 961 inconstans,
908 885 988 946 nihil
1006 887 1148 960 varium3
1171 885 1277 944 omnia

226 967 412 1045 tranquilla,
424 971 462 1031 ad
477 995 585 1056 pacem
597 977 856 1056 serenitatemque
868 976 1039 1058 composita
1052 998 1058 1032 :
1072 975 1146 1034 ideo
1156 974 1277 1033 Palinu-

226 1070 280 1110 rus
294 1055 418 1136 signum
430 1061 483 1123 dat
497 1065 537 1124 ad
549 1065 756 1148 surgendum3
771 1086 834 1147 quo
847 1064 955 1125 audito
968 1078 1110 1140 movent,
1123 1077 1233 1136 costra,
1246 1060 1278 1119 id

226 1152 286 1216 est,
301 1145 441 1226 classem3
455 1165 576 1216 tentant
590 1157 684 1218 maris
699 1157 800 1230 viam3
816 1155 883 1216 vela
898 1153 1095 1237 expandunt,
1116 1173 1189 1236 quae
1206 1151 1276 1212 navi

225 1245 297 1322 sunt
312 1236 408 1300 instar
420 1242 555 1321 alarum,
569 1246 681 1328 quibus
693 1267 728 1308 ea
743 1245 881 1307 advolat.

266 1322 333 1388 521.
353 1330 399 1390 Ad
421 1335 557 1414 primam
575 1334 677 1397 lucem
696 1336 892 1398 adventantis
911 1336 1054 1408 Aurorae,
1075 1331 1190 1392 vident
1208 1341 1276 1390 ante

226 1412 349 1492 oculos,
362 1440 436 1482 nam
448 1421 507 1486 boc
518 1439 565 1486 est
575 1424 680 1508 procul
683 1474 693 1503 ,
707 1425 831 1486 ltaliam
843 1437 889 1485 tot
899 1422 1157 1504 navigationibus
1168 1420 1277 1504 quaesi·
1336 1421 1337 1424 ’

226 1511 307 1577 ῑὸῐῦ,
321 1517 368 1568 tot
382 1514 512 1592 petitam
527 1517 680 1576 oraculis:
693 1516 744 1576 sed
762 1517 805 1576 ita
820 1514 942 1590 vident,
957 1527 992 1574 ut
1002 1527 1129 1573 tantum
1144 1512 1277 1572 obscuros

225 1593 379 1669 quosdam
395 1599 496 1678 tolles,
515 1617 609 1686 atque
621 1603 743 1665 Italiam
757 1600 919 1664 humilem:
935 1604 1052 1684 quippe
1066 1623 1083 1662 e
1099 1600 1277 1682 longinquo

224 1679 436 1764 intuentibus,
453 1689 521 1752 haec
535 1714 602 1753 esse
617 1695 736 1775 species
751 1692 895 1752 debebat.
910 1689 986 1751 Vult
998 1692 1204 1763 Hortensius,
1223 1707 1278 1768 per

223 1765 313 1828 colles
322 1771 455 1838 obscuros
464 1781 581 1860 signari
591 1781 768 1861 Iapygiam,
779 1791 808 1839 et
818 1779 1068 1851 Nascimbaenus,
1079 1776 1206 1836 ltaliam
1215 1773 1277 1834 dici

225 1853 382 1937 humilem,
395 1868 468 1945 quia
481 1868 520 1927 ab
532 1891 567 1928 ea
579 1881 666 1950 parte
678 1890 743 1929 non
757 1866 854 1928 habet
868 1866 948 1927 altos
961 1877 1099 1940 montes,
1112 1879 1144 1926 et
1158 1867 1218 1926 sita
1232 1877 1279 1923 est

223 1942 259 2002 in
277 1943 390 2024 plano,
408 1965 443 2012 ut
460 1951 539 2014 dixit
559 1956 690 2015 Servius.
710 1955 821 2015 Statim
841 1973 952 2014 omnes
969 1967 1141 2034 erumpunt
1157 1951 1277 2012 exulta·

223 2027 342 2113 bundi,
355 2038 526 2104 clamantes
538 2056 568 2103 et
579 2043 752 2104 salutantes
766 2042 889 2104 ltaliam
902 2066 909 2101 :
926 2044 1049 2103 iteratio
1060 2045 1148 2102 vocis
1161 2041 1279 2101 indicat

224 2125 409 2200 gestientem
429 2133 535 2191 animo
552 2130 704 2192 laetitiam.
725 2133 851 2192 Nescias
868 2152 931 2213 quo
948 2130 1064 2191 decoro
1081 2151 1118 2189 ea
1137 2151 1198 2190 vox
1217 2131 1280 2212 pri·

158 2235 166 2244 ·
224 2230 312 2272 mum
323 2215 433 2279 Achati
444 2219 552 2281 detur:
566 2241 659 2282 senex
669 2223 755 2282 enim
765 2219 943 2302 longinqua
955 2219 1077 2279 itineris
1088 2218 1279 2300 fatigatione

225 2301 399 2383 confectus,
408 2311 560 2371 intentior
569 2333 633 2394 prae
645 2311 714 2372 aliis
724 2323 798 2371 erat.
811 2312 856 2370 Ex
866 2332 928 2392 qua
938 2312 1034 2370 etiam
1045 2323 1149 2370 mente
1160 2311 1278 2386 statim,
1337 2325 1338 2328 ’

208 2407 300 2448 -nam
315 2398 421 2456 omnia
435 2399 521 2458 videt
532 2399 696 2480 Virgilius,
712 2397 862 2460 Anchises
877 2398 1038 2470 inducitur
1051 2419 1170 2458 vocans
1185 2401 1277 2458 Deos.
1337 2413 1338 2416 ’

224 2479 354 2542 Accedit
366 2499 397 2545 et
411 2489 492 2548 ratio
505 2489 584 2548 alia:
601 2487 745 2570 juvenes,
765 2490 865 2572 quiin
881 2509 916 2549 ea
931 2501 1020 2548 erant
1031 2488 1143 2562 classe,
1165 2501 1278 2570 putare

223 2579 386 2650 poterant,
405 2595 438 2635 se
451 2575 579 2637 tandem
591 2591 798 2659 perventuros
813 2576 853 2636 ad
867 2576 1004 2651 ltaliam,
1024 2590 1213 2658 suppetente
1226 2574 1278 2635 ad·

224 2652 287 2717 huc
305 2664 491 2726 naturaliter
507 2687 593 2728 aevo:
614 2688 679 2727 non
698 2669 743 2728 sic
760 2687 863 2743 senes,
883 2667 999 2748 quibus
1018 2686 1116 2748 quum
1135 2666 1279 2746 quotidie

225 2742 326 2809 fatum
338 2752 529 2834 immineret,
540 2769 686 2840 poterant
699 2759 864 2840 suspicari,
877 2777 1041 2836 nunquam
1054 2776 1087 2814 se
1099 2753 1140 2813 ad
1150 2753 1278 2814 Italiam

225 2856 447 2919 perventuros:
460 2846 534 2908 hinc
546 2849 728 2908 intentiores
741 2849 774 2907 in
786 2861 894 2918 cursu,
909 2861 940 2906 et
951 2845 1085 2905 laetiores
1098 2844 1164 2902 visa
1178 2841 1278 2903 ltalia.

266 2928 333 2988 525.
353 2931 504 2994 Anchises
521 2955 538 2994 e
556 2937 673 3018 puppi,
694 2955 764 3016 quae
781 2955 853 3016 pars
867 2934 957 2992 navis
972 2931 1101 3005 celsior,
1124 2946 1277 2990 craterem

226 3015 301 3076 vino
316 3037 397 3098 puro
414 3022 522 3103 implet
535 3024 573 3082 ad
587 3045 762 3109 summum3
781 3025 827 3084 illi
842 3023 982 3106 imponit
995 3039 1176 3081 coroname
1192 3019 1276 3079 llori·

225 3104 299 3179 bus3
311 3107 390 3167 Deos
403 3111 547 3170 invocet:
562 3114 641 3172 Deos
651 3117 745 3174 maris
757 3127 909 3196 precatur,
918 3113 972 3194 qui
986 3112 1127 3188 navigat;
1141 3123 1276 3190 tempes-

227 3205 343 3272 tatum,
356 3209 390 3257 ut
403 3219 551 3280 prospere
563 3203 701 3282 navigem
718 3218 821 3278 terrae,
838 3205 912 3286 quia
923 3215 1019 3262 terras
1032 3201 1178 3282 inquirit.

268 3284 335 3344 530.
346 3284 487 3346 Anchisae
497 3288 652 3348 meritum.
664 3293 833 3367 Petiverat,
846 3292 899 3352 Dii
906 3292 1011 3372 spirate
1019 3287 1156 3348 secundi:
1169 3285 1207 3347 fit
1219 3288 1276 3358 ita;

229 3473 274 3510 aut
284 3473 356 3511 certe
368 3461 402 3512 ad
411 3461 531 3517 homines
544 3467 650 3520 retulit:
663 3489 726 3522 narn
807 3470 867 3540 519.
876 3472 962 3524 Castra
968 3485 1109 3519 movemus.
1120 3467 1276 3518 Castrasunt

227 3540 291 3590 lieet
303 3550 416 3591 aeternus
428 3544 462 3594 sit
476 3547 563 3597 axium
576 3564 671 3616 sonus,
687 3563 728 3602 ta·
770 3551 818 3602 ubi
836 3551 913 3602 miles
932 3551 1055 3600 steterit:
1082 3546 1165 3598 modo
1188 3561 1275 3597 mmen

228 3634 290 3666 men
309 3634 325 3667 a
343 3618 421 3670 nobis
439 3639 493 3674 non
513 3625 637 3678 auditur:
662 3649 726 3701 ergo
771 3630 883 3682 classem
900 3627 1047 3700 significat,
1068 3628 1132 3696 quia
1151 3636 1178 3676 et
1195 3635 1275 3678 castra

229 3705 358 3763 quantum
369 3697 403 3749 ed
412 3717 474 3769 nos,
487 3704 594 3756 tacitum
604 3705 678 3760 dixit.
692 3738 727 3748 -
771 3710 877 3761 nautica
885 3708 1018 3762 dicuntur.
1030 3705 1213 3757 Commutatio
1223 3723 1274 3756 me·

229 3772 361 3828 labentia.
389 3776 474 3831 Cursu
494 3783 596 3835 scilicet
617 3787 727 3852 mundi,
771 3790 945 3862 taphorarum
958 3787 1073 3860 pulchra
1090 3799 1145 3838 est:
1165 3785 1274 3838 hiesus·

229 3869 318 3922 neque
330 3855 399 3906 enim
410 3862 495 3911 ventis
507 3863 643 3929 feruntur,
659 3869 728 3920 siout
772 3869 852 3922 trade
861 3889 890 3922 re
898 3871 1020 3929 nauticam
1031 3867 1059 3916 in
1067 3865 1114 3917 lib.
1123 3866 1162 3932 ll,
1170 3864 1271 3918 AEneid.

229 3931 728 4015 deplanetisdicitur.-Notat‚·idest,
772 3949 821 4017 30,
838 3948 942 4002 classem
957 3947 991 4000 de
1006 3946 1125 3997 terrestri
1142 3946 1271 4011 exercitu,

215 4011 372 4084 -diligentcr
385 4015 469 4070 oculis
482 4020 606 4074 intuetur.
621 4025 691 4076 Serv.
779 4027 931 4080 «classibus
942 4025 987 4080 hic
999 4026 1112 4088 locus3·
1128 4023 1182 4076 adi.
