2676 4602
261 275 323 343 336
586 269 969 340 COMMENTARIA

260 400 337 458 duas
347 407 469 456 tantum
481 407 723 470 commemorat,
739 392 882 456 videlicet
899 409 1136 479 tempestatem,
1157 420 1221 482 qua
1232 401 1284 460 clas-

260 491 300 549 sis
313 484 413 544 delata
425 495 470 543 est
487 483 520 540 in
538 479 692 556 Africam,
710 495 742 542 et
757 481 840 542 unde
857 497 1015 574 sumptum
1028 485 1199 547 exordium
1216 486 1284 568 liujus

259 575 339 657 epici
352 572 454 655 operis
465 594 473 646 3
492 584 523 629 et
535 582 686 630 recentem
699 567 781 631 hanc
793 569 832 630 de
849 572 979 634 incensis
992 573 1144 634 navibus:
1167 574 1283 636 indicans

258 665 404 723 miseram
421 660 552 720 classem
567 655 735 740 Trojanam
754 660 844 742 aquis
861 659 1061 743 flammisque
1079 677 1282 744 oppugnatam.

257 750 414 813 Invidiosa
435 767 510 808 vero
530 748 655 806 omnia:
680 746 836 828 pertrahit
855 751 939 806 enim
959 750 1121 808 lunonem
1144 751 1177 807 in
1201 751 1283 809 odino

256 841 412 924 Neptuni,
426 835 487 896 hac
499 837 651 896 sententia
663 857 670 894 :
687 838 748 896 tuis
760 849 790 896 te
802 837 897 896 armis
908 837 1123 917 oppugnavit3
1143 859 1222 898 nam
1235 842 1284 897 inte

257 929 391 988 armavit
401 924 542 999 AEolum,
561 925 663 984 Deum
675 923 735 984 tibi
751 922 930 984 subditum:
951 923 1063 984 deinde
1077 927 1112 984 in
1126 929 1237 1008 reguis
1247 929 1285 987 tuis

256 1018 357 1080 audax
369 1016 447 1090 fuit,
462 1013 597 1074 alienam
608 1027 793 1096 potestatem
804 1033 968 1095 usurpans.

258 1095 261 1102 ⁴
296 1108 364 1190 793.
379 1107 523 1179 Dixerat,
541 1105 700 1164 lunonem
713 1124 774 1162 esse
787 1103 988 1176 iracundam,
1002 1100 1099 1182 idque
1110 1103 1225 1164 multis
1238 1125 1285 1164 ver·

254 1195 322 1255 bis:
341 1194 550 1276 pertinacem3
568 1211 658 1274 quum
675 1212 735 1251 nou
755 1189 841 1271 louqa
858 1189 933 1248 dies:
954 1191 1129 1268 immitem,
1149 1194 1229 1274 quia
1240 1213 1285 1252 nor

255 1285 412 1364 mitigaret
431 1279 517 1340 illam
537 1283 652 1362 pietas:
675 1281 883 1362 pervicacem,
906 1281 981 1360 quia
1000 1295 1112 1340 contra
1133 1283 1286 1364 imperiun

255 1374 360 1432 lovis:
380 1369 562 1442 infractam,
580 1387 650 1448 quae
661 1389 717 1428 nee
732 1367 805 1428 fatis
820 1367 959 1426 cederet:
979 1367 1170 1444 nefandam,
1192 1373 1228 1429 in
1236 1391 1287 1452 ¹qu

255 1459 391 1520 nefanda
403 1458 474 1518 odia
486 1479 494 1530 ;
509 1457 659 1537 impiam,
674 1475 744 1537 quae
758 1469 916 1514 mortuam
928 1453 1054 1535 Trojam
1066 1471 1213 1518 vexaret:
1230 1458 1288 1518 furi

254 1546 414 1620 bundam,
434 1547 469 1604 in
486 1543 566 1617 illis;
588 1565 690 1604 causas
707 1546 780 1602 tanti
791 1545 864 1603 sciat
875 1539 1064 1625 illafiunn's:
1086 1543 1258 1620 audacem,
1272 1547 1289 1602 it

255 1641 349 1719 eequis
361 1635 415 1696 ltoe
426 1656 499 1694 ausu
509 1635 572 1694 tuis.
584 1634 657 1693 Post
669 1645 716 1693 tot
729 1634 879 1707 crimina,
890 1645 961 1715 post
972 1647 1019 1693 tot
1031 1635 1225 1716 opprobria,
1236 1655 1288 1696 eeu

256 1729 294 1786 de
308 1746 392 1786 novo
406 1722 588 1784 sceleratam
601 1723 715 1803 arguit.
732 1721 789 1782 Sed
807 1721 893 1804 qnod
907 1721 1035 1806 paridem
1052 1723 1170 1784 scelus?
1183 1727 1289 1785 Exussit

253 1833 377 1894 puppes,
397 1824 470 1884 etc,
488 1829 590 1890 neque
606 1810 690 1868 enim
703 1811 765 1870 nisi
781 1830 837 1891 per
851 1829 1008 1870 summum
1020 1809 1123 1870 scelus
1140 1813 1289 1870 matresin

255 1919 325 1958 eam
341 1899 459 1958 rabiem
478 1911 657 1976 agerentur,
678 1913 715 1957 ut
733 1913 845 1958 contra
861 1919 931 1960 suos
946 1897 1082 1974 liberos,
1102 1912 1214 1961 eontra
1230 1920 1290 1974 sua,

255 1989 401 2070 inquam,
421 1987 539 2044 viscera
557 1987 715 2045 saevirent:
739 1985 923 2050 ademerunt
941 1989 1027 2048 enim
1046 2001 1205 2069 quantum
1222 1989 1253 2048 in
1271 2007 1290 2047 se

253 2076 334 2153 fuit,
353 2077 419 2135 suis
434 2074 541 2134 liberis
554 2073 733 2155 adjumenta
745 2075 952 2160 adipiscendas
963 2077 1086 2152 laudis,
1102 2075 1231 2157 glorias,
1246 2079 1291 2138 im

253 2165 469 2227 mortalitatis:
484 2185 555 2247 quae
567 2166 674 2224 omnia
686 2166 790 2246 posita
804 2167 840 2226 in
850 2167 1089 2226 transmissione
1104 2165 1145 2225 ad
1156 2165 1290 2225 ltaliam:

253 2275 325 2314 eum
336 2251 397 2313 hoc
410 2267 498 2312 tanto
512 2252 625 2314 scelere
637 2255 771 2314 lunonis
786 2252 932 2336 adjuncta
944 2252 1006 2314 fuit
1016 2253 1160 2328 foeditas,
1175 2267 1208 2314 et
1219 2254 1291 2314 indi·

252 2345 354 2425 gnitas
363 2341 513 2402 facinoris
522 2365 529 2402 :
539 2341 675 2404 Siciliam
684 2357 774 2404 vocat
782 2357 887 2404 tenum
894 2347 1024 2427 iqnotam
1035 2357 1180 2425 respectu
1190 2344 1291 2416 ltaliae,

252 2452 322 2514 quae
334 2432 513 2506 notissima,
528 2444 559 2491 et
570 2430 640 2492 fatis
651 2432 811 2494 decantata
822 2449 831 2492 ἰ
846 2449 878 2494 et
889 2433 1016 2516 quidem
1025 2433 1171 2514 Trojsnis
1181 2454 1219 2493 ex
1228 2435 1291 2493 Asia

250 2517 447 2580 venientibus
459 2521 491 2578 in
505 2521 681 2602 Europam,
695 2537 818 2584 tantum
832 2539 905 2584 nota
919 2537 984 2583 erat
995 2543 1033 2582 ex
1046 2522 1184 2582 oraculis
1194 2522 1290 2582 Italia.

290 2609 357 2690 796.
372 2607 475 2684 Quam
486 2607 648 2690 praeclare!
664 2631 729 2670 non
742 2613 828 2672 enim
840 2614 896 2687 ait3
909 2611 999 2672 liceat
1011 2609 1086 2670 dare
1098 2608 1168 2670 vela
1178 2611 1291 2681 AEneae3

250 2698 302 2761 sed
316 2696 409 2758 liceat
422 2697 496 2758 dare
509 2697 569 2760 tihi
583 2699 669 2778 vela,
688 2705 776 2782 quasi
794 2701 943 2763 hactenus
957 2699 1109 2782 impedita
1124 2699 1224 2759 fuerit
1239 2719 1290 2781 po·-

249 2801 342 2850 testas
356 2787 509 2868 Neptuni,
528 2809 586 2850 nec
602 2787 726 2850 licuerit
742 2792 775 2850 in
792 2811 848 2850 suo
865 2791 944 2849 mari
960 2789 1116 2868 imperare
1130 2807 1197 2870 prae
1213 2801 1291 2848 metu

249 2875 401 2936 Junonis:
418 2872 650 2958 liceatattiupeoe
662 2876 771 2962 Tibrim
783 2880 972 2938 Laurentem:
985 2895 1025 2932 en
1036 2895 1165 2934 summa
1171 2877 1290 2957 petitio

248 2963 313 3037 nis,
327 2960 366 3020 ad
377 2981 470 3040 quam
481 2973 528 3020 tot
539 2961 634 3022 verba
643 2962 814 3036 destinata,
825 2979 890 3021 tam
900 2959 981 3022 male
992 2959 1107 3022 affecta
1116 2963 1221 3037 luno,
1234 2977 1289 3022 tam

229 3109 232 3116 .
249 3053 359 3113 acriter
372 3050 544 3108 concitatus
555 3051 725 3128 Neptunus.
739 3053 773 3111 Si
785 3065 850 3131 peto
863 3071 995 3112 coucesm
1002 3074 1013 3123 ,·
1026 3053 1053 3110 si
1063 3053 1168 3111 Porcoe
1177 3051 1290 3113 dautes

248 3141 356 3200 moenia
362 3161 374 3210 ,-
387 3134 520 3194 advocat
531 3155 589 3216 pro
602 3155 649 3209 se,
664 3157 733 3218 quae
745 3151 875 3198 torserat
886 3140 919 3197 in
931 3139 1112 3196 Junonemr
1126 3137 1184 3198 illa
1196 3147 1288 3222 oppu-

248 3239 324 3308 gnat
332 3223 417 3296 iata3
430 3221 543 3280 resistit
553 3223 686 3305 imperio
698 3228 784 3287 Jovis
797 3251 803 3286 :
817 3247 866 3287 me
877 3227 942 3286 iata
954 3224 1124 3305 adjuvant,
1136 3241 1168 3287 et
1178 3229 1287 3300 Parem

247 3326 334 3393 peto,
350 3327 420 3390 quae
431 3321 503 3366 'mea
515 3321 603 3382 sunt3
618 3329 692 3370 nam
701 3312 768 3392 jam
781 3333 954 3377 concessae
967 3313 1061 3386 Jove,
1075 3311 1167 3390 fatis,
1180 3315 1286 3374 Parcis.

286 3418 354 3478 799.
370 3393 491 3454 Iudicat
500 3393 552 3455 hic
561 3417 666 3458 versus
677 3401 1046 3482 majestatemloquentis.
1059 3399 1119 3461 Sed
1130 3423 1233 3484 quare
1241 3406 1286 3465 Sa·

249 3485 376 3558 tumius,
394 3503 483 3560 non,
497 3487 679 3568 Neptunus?
697 3493 771 3572 qnia
789 3505 897 3572 postea
916 3486 1072 3570 Cytherea,
1093 3511 1163 3552 non
1180 3493 1286 3552 Venus

280 3670 340 3724 799.
355 3655 422 3706 Tum
434 3657 579 3712 Satumius.
590 3661 674 3732 liujus
684 3681 744 3715 ver·
786 3666 836 3730 via,
844 3663 1284 3736 Olympiiqnegermanumridenti

246 3751 289 3784 sus
299 3745 387 3786 tumor
394 3737 422 3787 in
432 3735 607 3792 describendo
615 3741 741 3813 Neptuno
787 3753 904 3796 armatus
911 3743 992 3807 ferro,
1000 3741 1148 3811 pistricum
1158 3741 1282 3804 dominus,

244 3811 352 3866 adducit
366 3813 431 3866 mihi
443 3818 470 3868 in
485 3821 638 3872 memoriam
649 3840 742 3892 parem
786 3836 866 3894 atque
884 3838 1048 3886 maenarum,
1073 3821 1134 3874 Rex
1160 3825 1284 3878 salsorum

243 3906 373 3944 tumorem
387 3895 492 3964 periodi
504 3897 681 3969 Arnobianae,
692 3899 739 3951 lib.
784 3905 918 3976 gurgitum
936 3914 962 3954 et
977 3899 1158 3958 tremebundi
1177 3916 1281 3958 motato!

241 3974 297 4028 lllt
315 3973 475 4045 eNeptunus
492 3979 572 4050 stygii
591 3979 674 4031 frater
693 3981 739 4031 Jo-
785 3979 864 4036 sdi»
881 3981 972 4034 Geraia.-
