2692 4594
351 275 403 340 IN
426 275 660 344 AENEIDOS
683 279 775 343 LIB.
802 283 874 345 ΙΙΙ.
1067 288 1131 352 aii

125 391 198 476 659
212 396 284 456 Tria
295 395 349 456 dat
360 397 421 472 illi,
433 401 544 480 pinum
554 420 612 480 pro
622 401 761 480 scipione
772 401 811 459 ad
823 407 1057 468 sustentandum
1067 431 1133 471 eor-

82 498 149 560 pus
161 505 167 540 :
182 504 270 559 ovea,
281 507 350 566 quae
360 487 393 546 in
405 487 471 566 ejus
482 490 631 548 comitatu
641 489 680 548 ad
690 491 899 571 voluptatem:
912 495 1047 562 fistulam
1057 519 1138 578 pen-¹

85 565 218 629 dentem
231 591 248 630 e
262 571 344 632 collo
357 574 396 633 ad
408 574 551 635 solandas
565 577 715 636 miserias

129 659 201 718 662.
215 661 268 720 Est
280 663 314 722 in
328 661 388 724 hoc
400 685 489 724 versu
503 666 528 722 ἓν
540 665 582 722 διὰ
594 667 679 740 δυοῖν,
694 666 726 724 id
741 679 800 742 est,
814 671 994 730 veniensad
1008 693 1138 754 aequora.

86 746 195 825 tetigit
208 748 329 809 medios
344 751 459 826 fluetus
471 774 477 810 :
491 772 527 810 ex
538 749 588 810 his
602 767 736 831 quatuor
747 755 885 815 versibus
898 759 1038 840 expende
1050 781 1138 841 mag·

85 834 272 897 nitudinem
290 838 453 922 Cyclopis:
470 852 515 900 est
530 841 563 898 in
580 839 649 901 altis
668 840 925 926 fluctibus3'quin
940 849 1071 930 proditam
1084 870 1136 930 per

86 940 192 1002 oequor
202 926 348 987 medium:
361 950 416 1004 nee
430 943 535 988 tamen
548 928 641 988 undae
658 931 785 1010 tingunt
798 931 937 992 medium
951 935 1141 1016 Cyclopem,

85 1005 175 1071 latus
192 1016 276 1100 enim
290 1016 480 1100 adamedium
493 1018 558 1095 ¹fere
569 1031 615 1078 est
626 1017 785 1078 hominis:
800 1021 903 1102 itaque
916 1021 997 1082 ludit
1010 1038 1102 1106 poeta
1116 1045 1135 1084 a

86 1098 207 1160 mediis
219 1103 313 1165 undis
328 1107 366 1166 ad
382 1106 520 1167 medium
534 1105 716 1167 hominem:
738 1121 815 1168 nota
827 1112 935 1186 etiam,
955 1131 1049 1192 quam
1064 1131 1138 1193 pro-

84 1189 162 1268 pria
174 1189 228 1250 illa
243 1193 281 1254 de
295 1217 398 1273 crure,
411 1196 450 1256 d'e
465 1195 626 1272 dentibus,
638 1195 676 1254 de
690 1198 817 1276 gemitu.

130 1275 201 1337 666.
216 1279 369 1346 Observet
378 1285 539 1346 studiosus
549 1284 672 1365 Virgilii
682 1283 796 1360 lector,
810 1307 871 1367 qua
883 1289 999 1368 pietate
1005 1285 1141 1368 effingat

87 1365 221 1426 AEneam
233 1391 324 1432 suum
338 1376 430 1434 etiam
440 1375 475 1452 ¹in
491 1373 598 1444 hostes
611 1375 754 1440 Graecos:
771 1388 801 1434 et
816 1374 942 1455 quidem
953 1375 1065 1436 volunt
1077 1377 1137 1434 viri

87 1454 187 1531 primi
200 1463 338 1520 nominis
350 1460 412 1522 hoc
424 1459 464 1520 ab
477 1461 533 1540 illo
546 1460 683 1522 studiose
696 1459 815 1520 factum
830 1459 870 1520 ad
885 1462 1064 1542 quaerendas
1078 1484 1136 1523 no·

88 1562 147 1602 vas
163 1546 336 1624 blanditias
349 1555 504 1634 Augusto,
524 1553 579 1634 qui
599 1551 784 1610 mitissimus
799 1573 865 1611 non
880 1553 912 1610 in
927 1573 1001 1612 suos
1018 1551 1137 1627 solum,
1235 1609 1239 1616 .

89 1630 145 1689 sed
160 1635 193 1692 in
207 1637 284 1698 alios
295 1639 356 1700 fuit
368 1663 374 1699 ε
385 1639 437 1700 hic
447 1661 520 1700 vero
530 1660 628 1720 genus
639 1659 732 1698 suum
743 1639 779 1698 ad
792 1641 935 1714 AEneam,
945 1654 976 1698 et
985 1641 1144 1700 Venerem*

89 1718 264 1784 referebat:
281 1727 334 1786 sed
347 1749 444 1810 quare
455 1741 548 1788 vocat
559 1730 715 1790 meritum?
734 1729 807 1808 quia
820 1748 856 1788 eo
869 1727 1002 1788 docente
1013 1730 1153 1811 pericu.

90 1808 161 1910 lum
171 1813 361 1876 evadebant:
373 1819 478 1898 itaque
488 1818 567 1876 hene
578 1817 706 1878 meritus
717 1830 763 1876 est
773 1813 1006 1886 Achemenides
1017 1814 1056 1876 de
1065 1819 1139 1875 Tro·

88 1904 176 1982 Janis
188 1926 198 1962 z
209 1926 305 1986 quum
320 1907 364 1966 ait
377 1906 490 1989 trepidi,
504 1909 607 1988 signat
618 1904 811 1966 festinantes
856 1978 858 1982 ι
932 1955 936 1963 .

135 1991 206 2074 659.
223 1997 357 2056 Soninam
366 1999 451 2070 ,vocis
465 1997 620 2078 explicant
636 1995 749 2076 aliqui,
762 1996 1007 2076 innitunturque
1021 1996 1142 2072 Servio,

93 2083 236 2140 sonitum
248 2102 407 2144 nemorum
420 2108 426 2144 :
440 2105 511 2143 nam
525 2082 576 2144 hic
588 2085 626 2143 de
639 2081 821 2144 nominibus
834 2082 897 2142 dici
909 2084 1032 2162 nequit,
1045 2103 1139 2164 supra

94 2171 200 2228 enim:
215 2175 349 2254 tacitique
356 2172 480 2233 incidere
479 2173 606 2254 funem:
620 2169 785 2250 etquidem
792 2189 899 2230 vocem
908 2169 947 2228 de
955 2167 1035 2244 aliis,
1045 2190 1141 2249 quam

94 2254 136 2316 de
148 2255 278 2318 homine
290 2261 369 2336 dici,
382 2263 414 2320 in
426 2261 580 2320 Bucolicis
593 2257 667 2318 dixi.
682 2258 761 2338 Vide
773 2257 880 2336 Eclog.
894 2258 931 2330 V,
947 2255 996 2314 62.
1056 2293 1058 2300 ·

134 2349 203 2428 672.
224 2350 351 2431 Cupivit
368 2348 502 2430 Cyclops
519 2351 551 2406 in
568 2365 774 2408 nosmanum
792 2344 932 2423 injicere,
951 2356 982 2403 et
998 2345 1120 2425 assequi
1132 2367 1143 2402 z.

95 2436 153 2496 sed
168 2461 267 2519 quum
285 2442 430 2521 nequiret
441 2458 500 2498 nos
513 2457 569 2519 per
587 2437 692 2496 Ionios
708 2434 821 2495 iluctus
833 2431 987 2514 fugientes
1002 2453 1141 2515 mquam,

94 2525 182 2586 tollit
202 2527 371 2588 clamorem
394 2530 593 2586 immensum.
616 2524 761 2606 Explicat
780 2543 868 2599 vero,
890 2544 947 2582 eur
966 2525 1145 2584 immensum

94 2615 191 2676 dixit:
205 2640 278 2678 nam
289 2616 329 2676 ad
338 2617 429 2682 illum
439 2630 556 2698 pontus
565 2616 709 2686 tremuit3
720 2611 810 2672 Italia
821 2615 967 2672 exterrita
978 2625 1038 2686 est;
1051 2614 1143 2671 AEtna

96 2706 271 2784 immugii13
284 2718 314 2764 et
326 2702 521 2784 amplificans
533 2700 634 2775 addit,
647 2721 718 2760 cum
730 2711 831 2778 ponto
840 2698 932 2757 undae
943 2717 1052 2756 omnes
1060 2698 1144 2770 ;·Ita-

96 2791 141 2852 lia
152 2793 354 2872 penitissima
362 2805 394 2850 et
406 2803 541 2863 remota3
555 2790 644 2848 AEtna
656 2787 726 2844 imis
737 2785 878 2844 cavernis
891 2806 897 2842 :
909 2803 1003 2862 quam
1013 2784 1145 2842 immen-

97 2901 150 2940 sus
165 2882 192 2939 is
203 2881 336 2955 elamor,
354 2880 407 2960 qui
423 2877 523 2938 undas
538 2895 663 2950 omnes,
678 2885 847 2933 extremam
861 2870 1000 2942 ltaliam,
1012 2868 1144 2951 profun-

98 2967 232 3028 ditatem
244 2971 340 3029 AEtnae
352 2965 528 3050 penetravit
535 2965 546 3022 !.

140 3063 210 3144 675.
223 3059 271 3119 Ad
285 3058 452 3118 clamorem
470 3051 656 3136 Polyphemi
670 3051 779 3111 fratres
794 3059 971 3121 aecurrunt,
991 3046 1015 3106 si
1028 3046 1146 3126 possint

101 3153 275 3235 opportuni
290 3169 351 3210 esse
360 3149 396 3208 in
408 3169 441 3208 re
451 3145 613 3226 aliqna-
621 3141 679 3205 sed
688 3142 895 3224 nequicquam,
907 3137 979 3218 quia
991 3132 1076 3196 nihil
1080 3131 1146 3214 jam

135 3273 252 3326 660.Ea
266 3271 458 3343 solavoluptas.
472 3269 601 3340 Volupta·
645 3267 715 3330 boc,
734 3278 764 3317 ut
781 3264 909 3327 nothum,
934 3269 1094 3330 expungant.
1116 3257 1147 3309 ld
1234 3276 1236 3282 ¹

98 3365 155 3406 tem
172 3372 205 3406 ex
224 3351 381 3404 animalibus
394 3351 500 3416 habuit,
521 3365 605 3419 quum
646 3348 773 3400 tamenin
784 3344 919 3415 plerisque
929 3339 1067 3392 codicibus
1080 3339 1147 3390 enti·

101 3431 229 3485 videbat:
252 3449 338 3484 caecus
357 3444 459 3495 autem,
483 3428 606 3480 solamen
649 3419 708 3497 quis
720 3425 849 3485 babetur,
866 3434 893 3474 et
908 3419 997 3473 Gerda
1007 3417 1105 3490 probat
1121 3429 1148 3473 et

103 3511 244 3581 capiebat:
256 3509 319 3561 bine
331 3509 510 3578 Quintilianus
524 3505 602 3571 dixit,
649 3505 773 3557 admittit.

103 3615 118 3650 Ιι
128 3592 255 3662 Magnum
270 3589 394 3642 solatium
407 3589 530 3640 eaeeitatis
549 3598 604 3652 est,
684 3585 745 3652 669.
762 3583 852 3636 Sensit.
866 3580 948 3650 Quod
958 3599 1013 3632 non
1024 3577 1147 3643 videbat,

102 3667 607 3726 habereremvidentis.n-Solamen-
651 3665 759 3718 auribus
781 3663 901 3734 percepit
909 3683 921 3724 ;.
944 3678 1005 3712 nam
1027 3658 1147 3730 quamvis

103 3769 156 3823 pue
173 3749 246 3802 mali.
267 3752 297 3800 ln
308 3747 444 3800 nonnullis
461 3762 500 3798 est
514 3764 605 3798 versus
651 3745 784 3796 silentium
797 3741 982 3806 adhiberetur,
994 3757 1049 3792 non
1060 3738 1149 3810 potuit

104 3832 223 3902 integer,
236 3827 409 3898 Solamenque
420 3825 485 3876 mali
496 3826 527 3876 de
538 3825 605 3876 collo
649 3826 756 3894 penitus
768 3841 855 3876 vacua
871 3822 983 3894 strepitu
997 3837 1054 3872 esse
1071 3817 1148 3869 navi-

97 3905 194 3981 sntula
209 3909 323 3980 pendet*
333 3905 413 3974 Sunt,
436 3906 482 3977 qui
498 3922 606 3958 carmen
650 3905 732 3975 gatio.
745 3904 841 3956 Donat.
