<?xml version="1.0" encoding="UTF-8"?>
<!DOCTYPE html PUBLIC "-//W3C//DTD XHTML 1.0 Transitional//EN"
    "http://www.w3.org/TR/xhtml1/DTD/xhtml1-transitional.dtd">
<html xmlns="http://www.w3.org/1999/xhtml" xml:lang="en" lang="en">
 <head>
  <title>
</title>
<meta http-equiv="Content-Type" content="text/html;charset=utf-8" />
  <meta name='ocr-system' content='tesseract 3.04.00' />
  <meta name='ocr-capabilities' content='ocr_page ocr_carea ocr_par ocr_line ocrx_word'/>
</head>
<body>
  <div class='ocr_page' id='page_1' title='image "./pvirgiliusmaroq02barbgoog_0219.png"; bbox 0 0 2692 4594; ppageno 0'>
   <div class='ocr_carea' id='block_1_1' title="bbox 310 313 1092 413">
    <p class='ocr_par' dir='ltr' id='par_1_1' title="bbox 310 313 1092 413">
     <span class='ocr_line' id='line_1_1' title="bbox 310 313 1092 413; baseline 0.013 -33"><span class='ocrx_word' id='word_1_1' title='bbox 310 315 363 380; x_wconf 84' lang='lat' dir='ltr'>1u</span> <span class='ocrx_word' id='word_1_2' title='bbox 386 313 620 382; x_wconf 70' lang='lat' dir='ltr'>bumbos</span> <span class='ocrx_word' id='word_1_3' title='bbox 643 314 735 380; x_wconf 82' lang='lat' dir='ltr'>mn.</span> <span class='ocrx_word' id='word_1_4' title='bbox 760 317 832 381; x_wconf 90' lang='lat'><em>111.</em></span> <span class='ocrx_word' id='word_1_5' title='bbox 1028 327 1092 413; x_wconf 69' lang='lat'>17³</span> 
     </span>
    </p>
   </div>
   <div class='ocr_carea' id='block_1_2' title="bbox 44 436 1110 3262">
    <p class='ocr_par' dir='ltr' id='par_1_2' title="bbox 44 436 1093 1051">
     <span class='ocr_line' id='line_1_2' title="bbox 47 436 1090 528; baseline 0.007 -26"><span class='ocrx_word' id='word_1_6' title='bbox 47 441 134 502; x_wconf 85' lang='lat' dir='ltr'>dicta</span> <span class='ocrx_word' id='word_1_7' title='bbox 147 439 214 503; x_wconf 80' lang='lat' dir='ltr'>haec</span> <span class='ocrx_word' id='word_1_8' title='bbox 228 453 300 502; x_wconf 91' lang='lat' dir='ltr'>sunt</span> <span class='ocrx_word' id='word_1_9' title='bbox 313 453 439 522; x_wconf 87' lang='lat' dir='ltr'>propter</span> <span class='ocrx_word' id='word_1_10' title='bbox 453 436 595 498; x_wconf 91' lang='lat' dir='ltr'>eumdem</span> <span class='ocrx_word' id='word_1_11' title='bbox 611 436 811 500; x_wconf 74' lang='lat' dir='ltr'><strong>Dardanum:</strong></span> <span class='ocrx_word' id='word_1_12' title='bbox 826 442 933 518; x_wconf 87' lang='lat' dir='ltr'>tertio,</span> <span class='ocrx_word' id='word_1_13' title='bbox 951 443 1090 528; x_wconf 85' lang='lat' dir='ltr'>elogium</span> 
     </span>
     <span class='ocr_line' id='line_1_3' title="bbox 44 527 1091 613; baseline 0.006 -21"><span class='ocrx_word' id='word_1_14' title='bbox 44 531 315 613; x_wconf 81' lang='lat' dir='ltr'>feracitatis,quod</span> <span class='ocrx_word' id='word_1_15' title='bbox 330 531 420 591; x_wconf 91' lang='lat' dir='ltr'>unice</span> <span class='ocrx_word' id='word_1_16' title='bbox 434 527 564 610; x_wconf 84' lang='lat' dir='ltr'><strong>quadrat</strong></span> <span class='ocrx_word' id='word_1_17' title='bbox 576 528 689 588; x_wconf 77' lang='lat' dir='ltr'>ltatiae:</span> <span class='ocrx_word' id='word_1_18' title='bbox 703 529 807 609; x_wconf 88' lang='lat' dir='ltr'>itaque</span> <span class='ocrx_word' id='word_1_19' title='bbox 820 545 956 594; x_wconf 90' lang='lat' dir='ltr'>nontam</span> <span class='ocrx_word' id='word_1_20' title='bbox 969 549 1002 595; x_wconf 90' lang='lat' dir='ltr'>ut</span> <span class='ocrx_word' id='word_1_21' title='bbox 1016 541 1091 598; x_wconf 89' lang='lat' dir='ltr'>novi</span> 
     </span>
     <span class='ocr_line' id='line_1_4' title="bbox 45 618 1093 699; baseline 0.005 -19"><span class='ocrx_word' id='word_1_22' title='bbox 45 619 162 680; x_wconf 73' lang='lat' dir='ltr'>incolae</span> <span class='ocrx_word' id='word_1_23' title='bbox 173 640 211 680; x_wconf 94' lang='lat' dir='ltr'>eo</span> <span class='ocrx_word' id='word_1_24' title='bbox 221 618 404 691; x_wconf 80' lang='lat' dir='ltr'>advenient,</span> <span class='ocrx_word' id='word_1_25' title='bbox 417 636 510 699; x_wconf 89' lang='lat' dir='ltr'>quam</span> <span class='ocrx_word' id='word_1_26' title='bbox 521 628 555 676; x_wconf 94' lang='lat' dir='ltr'>ut</span> <span class='ocrx_word' id='word_1_27' title='bbox 565 629 677 676; x_wconf 88' lang='lat' dir='ltr'>veteres</span> <span class='ocrx_word' id='word_1_28' title='bbox 687 629 717 675; x_wconf 95' lang='lat' dir='ltr'>et</span> <span class='ocrx_word' id='word_1_29' title='bbox 725 621 890 696; x_wconf 72' lang='grc' dir='ltr'>αὐτόχθονες,</span> <span class='ocrx_word' id='word_1_30' title='bbox 901 641 937 681; x_wconf 94' lang='lat' dir='ltr'>eo</span> <span class='ocrx_word' id='word_1_31' title='bbox 949 622 1093 684; x_wconf 88' lang='lat' dir='ltr'>reducen-</span> 
     </span>
     <span class='ocr_line' id='line_1_5' title="bbox 47 700 1093 788; baseline 0.006 -23"><span class='ocrx_word' id='word_1_32' title='bbox 47 719 115 780; x_wconf 92' lang='lat' dir='ltr'>tur,</span> <span class='ocrx_word' id='word_1_33' title='bbox 133 706 204 766; x_wconf 92' lang='lat' dir='ltr'>ideo</span> <span class='ocrx_word' id='word_1_34' title='bbox 223 707 346 788; x_wconf 78' lang='lat' dir='ltr'><strong><em>accipiet</em></strong></span> <span class='ocrx_word' id='word_1_35' title='bbox 357 703 480 764; x_wconf 83' lang='lat' dir='ltr'>reduces.</span> <span class='ocrx_word' id='word_1_36' title='bbox 493 705 607 764; x_wconf 87' lang='lat' dir='ltr'>Vocem</span> <span class='ocrx_word' id='word_1_37' title='bbox 626 700 691 764; x_wconf 85' lang='lat' dir='ltr'>duri</span> <span class='ocrx_word' id='word_1_38' title='bbox 707 703 786 764; x_wconf 81' lang='lat' dir='ltr'>refer</span> <span class='ocrx_word' id='word_1_39' title='bbox 798 704 834 764; x_wconf 88' lang='lat' dir='ltr'>ad</span> <span class='ocrx_word' id='word_1_40' title='bbox 856 707 1035 770; x_wconf 83' lang='lat' dir='ltr'>immensam</span> <span class='ocrx_word' id='word_1_41' title='bbox 1050 711 1093 772; x_wconf 89' lang='lat' dir='ltr'>la·</span> 
     </span>
     <span class='ocr_line' id='line_1_6' title="bbox 47 788 1092 875; baseline 0.004 -21"><span class='ocrx_word' id='word_1_42' title='bbox 47 795 165 856; x_wconf 88' lang='lat' dir='ltr'>borum</span> <span class='ocrx_word' id='word_1_43' title='bbox 179 797 306 870; x_wconf 90' lang='lat' dir='ltr'>seriem,</span> <span class='ocrx_word' id='word_1_44' title='bbox 320 791 432 874; x_wconf 91' lang='lat' dir='ltr'>quibus</span> <span class='ocrx_word' id='word_1_45' title='bbox 449 788 577 872; x_wconf 86' lang='lat' dir='ltr'>Trojani</span> <span class='ocrx_word' id='word_1_46' title='bbox 593 793 709 867; x_wconf 88' lang='lat' dir='ltr'>vexati,</span> <span class='ocrx_word' id='word_1_47' title='bbox 724 791 829 852; x_wconf 78' lang='lat' dir='ltr'>afflicti</span> <span class='ocrx_word' id='word_1_48' title='bbox 838 839 847 868; x_wconf 92' lang='lat'>,</span> <span class='ocrx_word' id='word_1_49' title='bbox 864 797 975 875; x_wconf 89' lang='lat' dir='ltr'>pressi:</span> <span class='ocrx_word' id='word_1_50' title='bbox 996 799 1092 875; x_wconf 88' lang='lat' dir='ltr'>iilud,</span> 
     </span>
     <span class='ocr_line' id='line_1_7' title="bbox 45 876 1093 965; baseline 0.006 -26"><span class='ocrx_word' id='word_1_51' title='bbox 45 881 284 964; x_wconf 77' lang='lat' dir='ltr'>primaabstirpe</span> <span class='ocrx_word' id='word_1_52' title='bbox 292 892 454 963; x_wconf 83' lang='lat' dir='ltr'>parentum,</span> <span class='ocrx_word' id='word_1_53' title='bbox 464 876 556 940; x_wconf 82' lang='lat' dir='ltr'>hebet</span> <span class='ocrx_word' id='word_1_54' title='bbox 565 898 688 940; x_wconf 86' lang='lat' dir='ltr'>causam</span> <span class='ocrx_word' id='word_1_55' title='bbox 696 892 725 940; x_wconf 91' lang='lat' dir='ltr'>et</span> <span class='ocrx_word' id='word_1_56' title='bbox 734 876 893 956; x_wconf 83' lang='lat' dir='ltr'>effectum3</span> <span class='ocrx_word' id='word_1_57' title='bbox 904 881 973 943; x_wconf 92' lang='lat' dir='ltr'>ideo</span> <span class='ocrx_word' id='word_1_58' title='bbox 981 888 1093 965; x_wconf 87' lang='lat' dir='ltr'>prima,</span> 
     </span>
     <span class='ocr_line' id='line_1_8' title="bbox 51 971 480 1051; baseline 0 -23"><span class='ocrx_word' id='word_1_59' title='bbox 51 971 126 1050; x_wconf 90' lang='lat' dir='ltr'>quia</span> <span class='ocrx_word' id='word_1_60' title='bbox 142 971 188 1030; x_wconf 93' lang='lat' dir='ltr'>ihi</span> <span class='ocrx_word' id='word_1_61' title='bbox 201 973 292 1051; x_wconf 77' lang='lat' dir='ltr'><strong>stirps</strong></span> <span class='ocrx_word' id='word_1_62' title='bbox 307 980 480 1050; x_wconf 86' lang='lat' dir='ltr'>parentum.</span> 
     </span>
    </p>

    <p class='ocr_par' dir='ltr' id='par_1_3' title="bbox 50 1053 1096 1490">
     <span class='ocr_line' id='line_1_9' title="bbox 88 1053 1093 1138; baseline 0.006 -22"><span class='ocrx_word' id='word_1_63' title='bbox 88 1077 142 1138; x_wconf 87' lang='lat'>97.</span> <span class='ocrx_word' id='word_1_64' title='bbox 158 1059 231 1116; x_wconf 86' lang='lat' dir='ltr'><strong>Post</strong></span> <span class='ocrx_word' id='word_1_65' title='bbox 243 1057 381 1116; x_wconf 84' lang='lat' dir='ltr'>laborem</span> <span class='ocrx_word' id='word_1_66' title='bbox 391 1054 551 1137; x_wconf 80' lang='lat' dir='ltr'>quaereudi</span> <span class='ocrx_word' id='word_1_67' title='bbox 561 1053 658 1116; x_wconf 91' lang='lat' dir='ltr'>aderit</span> <span class='ocrx_word' id='word_1_68' title='bbox 670 1059 753 1136; x_wconf 88' lang='lat' dir='ltr'>quies</span> <span class='ocrx_word' id='word_1_69' title='bbox 763 1078 769 1115; x_wconf 93' lang='lat'><strong>:</strong></span> <span class='ocrx_word' id='word_1_70' title='bbox 778 1076 851 1116; x_wconf 88' lang='lat' dir='ltr'>nsm</span> <span class='ocrx_word' id='word_1_71' title='bbox 867 1057 910 1116; x_wconf 93' lang='lat' dir='ltr'>ibi</span> <span class='ocrx_word' id='word_1_72' title='bbox 923 1059 981 1118; x_wconf 88' lang='lat' dir='ltr'>orit</span> <span class='ocrx_word' id='word_1_73' title='bbox 992 1059 1093 1122; x_wconf 85' lang='lat' dir='ltr'>domus</span> 
     </span>
     <span class='ocr_line' id='line_1_10' title="bbox 50 1141 1095 1226; baseline 0.005 -23"><span class='ocrx_word' id='word_1_74' title='bbox 50 1145 170 1218; x_wconf 82' lang='lat' dir='ltr'>AEneoe,</span> <span class='ocrx_word' id='word_1_75' title='bbox 183 1142 323 1225; x_wconf 75' lang='lat' dir='ltr'>intellige</span> <span class='ocrx_word' id='word_1_76' title='bbox 334 1165 430 1226; x_wconf 87' lang='lat' dir='ltr'>genus</span> <span class='ocrx_word' id='word_1_77' title='bbox 440 1144 603 1204; x_wconf 80' lang='lat' dir='ltr'>Caeserum.</span> <span class='ocrx_word' id='word_1_78' title='bbox 617 1141 1012 1206; x_wconf 78' lang='lat' dir='ltr'>Indedomincditurcunctis</span> <span class='ocrx_word' id='word_1_79' title='bbox 1021 1149 1095 1208; x_wconf 85' lang='lat' dir='ltr'>oris:</span> 
     </span>
     <span class='ocr_line' id='line_1_11' title="bbox 50 1229 1096 1315; baseline 0.006 -24"><span class='ocrx_word' id='word_1_80' title='bbox 50 1229 111 1292; x_wconf 90' lang='lat' dir='ltr'>hac</span> <span class='ocrx_word' id='word_1_81' title='bbox 120 1232 409 1314; x_wconf 89' lang='lat' dir='ltr'>promissionequid</span> <span class='ocrx_word' id='word_1_82' title='bbox 419 1231 831 1314; x_wconf 79' lang='lat' dir='ltr'>splendidiusipraesertimsi</span> <span class='ocrx_word' id='word_1_83' title='bbox 841 1232 1096 1315; x_wconf 82' lang='lat' dir='ltr'>expendas,illam</span> 
     </span>
     <span class='ocr_line' id='line_1_12' title="bbox 53 1321 1096 1404; baseline 0.005 -25"><span class='ocrx_word' id='word_1_84' title='bbox 53 1321 186 1381; x_wconf 83' lang='lat' dir='ltr'>attribui</span> <span class='ocrx_word' id='word_1_85' title='bbox 200 1321 336 1382; x_wconf 85' lang='lat' dir='ltr'>oraculo.</span> <span class='ocrx_word' id='word_1_86' title='bbox 352 1323 425 1382; x_wconf 82' lang='lat' dir='ltr'>Haec</span> <span class='ocrx_word' id='word_1_87' title='bbox 439 1341 510 1382; x_wconf 88' lang='lat' dir='ltr'>vero</span> <span class='ocrx_word' id='word_1_88' title='bbox 520 1333 607 1382; x_wconf 84' lang='lat' dir='ltr'>tanta</span> <span class='ocrx_word' id='word_1_89' title='bbox 619 1321 718 1403; x_wconf 88' lang='lat' dir='ltr'>gloria</span> <span class='ocrx_word' id='word_1_90' title='bbox 734 1322 767 1380; x_wconf 94' lang='lat' dir='ltr'>in</span> <span class='ocrx_word' id='word_1_91' title='bbox 780 1341 887 1382; x_wconf 88' lang='lat' dir='ltr'>omnes</span> <span class='ocrx_word' id='word_1_92' title='bbox 898 1334 1037 1404; x_wconf 90' lang='lat' dir='ltr'>posteros</span> <span class='ocrx_word' id='word_1_93' title='bbox 1051 1343 1096 1384; x_wconf 89' lang='lat' dir='ltr'>re·</span> 
     </span>
     <span class='ocr_line' id='line_1_13' title="bbox 55 1407 814 1490; baseline 0.003 -22"><span class='ocrx_word' id='word_1_94' title='bbox 55 1407 211 1468; x_wconf 85' lang='lat' dir='ltr'>dundcbit</span> <span class='ocrx_word' id='word_1_95' title='bbox 223 1432 231 1468; x_wconf 76' lang='grc' dir='ltr'><strong>ι</strong></span> <span class='ocrx_word' id='word_1_96' title='bbox 243 1408 302 1470; x_wconf 93' lang='lat' dir='ltr'>hoc</span> <span class='ocrx_word' id='word_1_97' title='bbox 314 1410 398 1470; x_wconf 90' lang='lat' dir='ltr'>enim</span> <span class='ocrx_word' id='word_1_98' title='bbox 413 1410 552 1490; x_wconf 87' lang='lat' dir='ltr'>signatur</span> <span class='ocrx_word' id='word_1_99' title='bbox 566 1421 700 1470; x_wconf 79' lang='lat' dir='ltr'>extremo</span> <span class='ocrx_word' id='word_1_100' title='bbox 717 1429 814 1470; x_wconf 90' lang='lat' dir='ltr'>versu.</span> 
     </span>
    </p>

    <p class='ocr_par' dir='ltr' id='par_1_4' title="bbox 53 1496 1100 2110">
     <span class='ocr_line' id='line_1_14' title="bbox 92 1496 1097 1582; baseline 0.004 -24"><span class='ocrx_word' id='word_1_101' title='bbox 92 1517 146 1577; x_wconf 86' lang='lat'>99.</span> <span class='ocrx_word' id='word_1_102' title='bbox 166 1499 278 1558; x_wconf 87' lang='lat' dir='ltr'>Poesin</span> <span class='ocrx_word' id='word_1_103' title='bbox 290 1519 377 1558; x_wconf 90' lang='lat' dir='ltr'>suam</span> <span class='ocrx_word' id='word_1_104' title='bbox 393 1499 483 1558; x_wconf 83' lang='lat' dir='ltr'>variis</span> <span class='ocrx_word' id='word_1_105' title='bbox 498 1496 662 1558; x_wconf 78' lang='lat' dir='ltr'>affectibus</span> <span class='ocrx_word' id='word_1_106' title='bbox 680 1509 771 1578; x_wconf 88' lang='lat' dir='ltr'>pocta</span> <span class='ocrx_word' id='word_1_107' title='bbox 788 1496 998 1575; x_wconf 78' lang='lat' dir='ltr'>discriminat,</span> <span class='ocrx_word' id='word_1_108' title='bbox 1019 1520 1097 1582; x_wconf 89' lang='lat' dir='ltr'>quos</span> 
     </span>
     <span class='ocr_line' id='line_1_15' title="bbox 55 1582 1097 1668; baseline 0.006 -26"><span class='ocrx_word' id='word_1_109' title='bbox 55 1598 128 1644; x_wconf 86' lang='lat' dir='ltr'>ante</span> <span class='ocrx_word' id='word_1_110' title='bbox 146 1585 308 1646; x_wconf 80' lang='lat' dir='ltr'>oraculum</span> <span class='ocrx_word' id='word_1_111' title='bbox 327 1584 469 1668; x_wconf 79' lang='lat' dir='ltr'>pavidos,</span> <span class='ocrx_word' id='word_1_112' title='bbox 481 1582 546 1665; x_wconf 77' lang='lat' dir='ltr'>J&#39;am</span> <span class='ocrx_word' id='word_1_113' title='bbox 567 1597 636 1666; x_wconf 85' lang='lat' dir='ltr'>post</span> <span class='ocrx_word' id='word_1_114' title='bbox 655 1583 734 1644; x_wconf 92' lang='lat' dir='ltr'>illud</span> <span class='ocrx_word' id='word_1_115' title='bbox 751 1585 977 1647; x_wconf 80' lang='lat' dir='ltr'>exultabundos</span> <span class='ocrx_word' id='word_1_116' title='bbox 992 1587 1097 1648; x_wconf 88' lang='lat' dir='ltr'>vides:</span> 
     </span>
     <span class='ocr_line' id='line_1_16' title="bbox 53 1667 1098 1775; baseline 0.009 -47"><span class='ocrx_word' id='word_1_117' title='bbox 53 1667 102 1730; x_wconf 80' lang='lat' dir='ltr'>hae</span> <span class='ocrx_word' id='word_1_118' title='bbox 112 1674 270 1754; x_wconf 82' lang='lat' dir='ltr'>peripetiae</span> <span class='ocrx_word' id='word_1_119' title='bbox 281 1673 359 1732; x_wconf 92' lang='lat' dir='ltr'>mire</span> <span class='ocrx_word' id='word_1_120' title='bbox 371 1671 509 1732; x_wconf 87' lang='lat' dir='ltr'>alliciunt</span> <span class='ocrx_word' id='word_1_121' title='bbox 516 1672 660 1732; x_wconf 89' lang='lat' dir='ltr'>lectorem</span> <span class='ocrx_word' id='word_1_122' title='bbox 673 1694 679 1731; x_wconf 89' lang='grc'><strong>;</strong></span> <span class='ocrx_word' id='word_1_123' title='bbox 693 1671 753 1733; x_wconf 87' lang='lat' dir='ltr'>fuit</span> <span class='ocrx_word' id='word_1_124' title='bbox 764 1674 866 1755; x_wconf 87' lang='lat' dir='ltr'>itaque</span> <span class='ocrx_word' id='word_1_125' title='bbox 879 1676 978 1775; x_wconf 51' lang='lat' dir='ltr'>pigens</span> <span class='ocrx_word' id='word_1_126' title='bbox 989 1672 1098 1752; x_wconf 73' lang='lat' dir='ltr'>letitia,</span> 
     </span>
     <span class='ocr_line' id='line_1_17' title="bbox 55 1761 1099 1843; baseline 0.008 -23"><span class='ocrx_word' id='word_1_127' title='bbox 55 1775 82 1820; x_wconf 92' lang='lat' dir='ltr'>ct</span> <span class='ocrx_word' id='word_1_128' title='bbox 98 1761 167 1824; x_wconf 79' lang='lat' dir='ltr'>hoec</span> <span class='ocrx_word' id='word_1_129' title='bbox 182 1783 247 1824; x_wconf 93' lang='lat' dir='ltr'>uon</span> <span class='ocrx_word' id='word_1_130' title='bbox 261 1784 291 1824; x_wconf 90' lang='lat' dir='ltr'>se</span> <span class='ocrx_word' id='word_1_131' title='bbox 308 1764 390 1822; x_wconf 90' lang='lat' dir='ltr'>intra</span> <span class='ocrx_word' id='word_1_132' title='bbox 404 1775 511 1843; x_wconf 90' lang='lat' dir='ltr'>pectus</span> <span class='ocrx_word' id='word_1_133' title='bbox 531 1766 712 1836; x_wconf 73' lang='lat' dir='ltr'>continens,⁸</span> <span class='ocrx_word' id='word_1_134' title='bbox 732 1763 783 1824; x_wconf 89' lang='lat' dir='ltr'>sed</span> <span class='ocrx_word' id='word_1_135' title='bbox 804 1784 874 1824; x_wconf 88' lang='lat' dir='ltr'>cum</span> <span class='ocrx_word' id='word_1_136' title='bbox 893 1766 1035 1829; x_wconf 86' lang='lat' dir='ltr'>omnium</span> <span class='ocrx_word' id='word_1_137' title='bbox 1057 1779 1099 1828; x_wconf 87' lang='lat' dir='ltr'>tu·</span> 
     </span>
     <span class='ocr_line' id='line_1_18' title="bbox 55 1846 1100 1934; baseline 0.007 -27"><span class='ocrx_word' id='word_1_138' title='bbox 55 1846 167 1910; x_wconf 83' lang='lat' dir='ltr'>multu:</span> <span class='ocrx_word' id='word_1_139' title='bbox 176 1871 248 1910; x_wconf 85' lang='lat' dir='ltr'>nem</span> <span class='ocrx_word' id='word_1_140' title='bbox 261 1848 352 1909; x_wconf 88' lang='lat' dir='ltr'>simul</span> <span class='ocrx_word' id='word_1_141' title='bbox 363 1851 460 1910; x_wconf 84' lang='lat' dir='ltr'>cuncti</span> <span class='ocrx_word' id='word_1_142' title='bbox 470 1862 612 1930; x_wconf 76' lang='lat' dir='ltr'>querunt,</span> <span class='ocrx_word' id='word_1_143' title='bbox 623 1871 662 1910; x_wconf 88' lang='lat' dir='ltr'>en</span> <span class='ocrx_word' id='word_1_144' title='bbox 671 1849 821 1911; x_wconf 90' lang='lat' dir='ltr'>tumultus</span> <span class='ocrx_word' id='word_1_145' title='bbox 830 1874 838 1927; x_wconf 77' lang='lat'>3</span> <span class='ocrx_word' id='word_1_146' title='bbox 848 1875 913 1934; x_wconf 78' lang='lat' dir='ltr'>quse</span> <span class='ocrx_word' id='word_1_147' title='bbox 922 1855 1021 1914; x_wconf 83' lang='lat' dir='ltr'>sintea</span> <span class='ocrx_word' id='word_1_148' title='bbox 1034 1875 1100 1914; x_wconf 88' lang='lat' dir='ltr'>moe·</span> 
     </span>
     <span class='ocr_line' id='line_1_19' title="bbox 55 1935 1100 2024; baseline 0.006 -28"><span class='ocrx_word' id='word_1_149' title='bbox 55 1938 122 2012; x_wconf 85' lang='lat' dir='ltr'>nia,</span> <span class='ocrx_word' id='word_1_150' title='bbox 137 1958 196 2020; x_wconf 86' lang='lat' dir='ltr'>quo</span> <span class='ocrx_word' id='word_1_151' title='bbox 214 1935 337 1998; x_wconf 80' lang='lat' dir='ltr'>Phoebus</span> <span class='ocrx_word' id='word_1_152' title='bbox 354 1949 479 1998; x_wconf 84' lang='lat' dir='ltr'>erruntes</span> <span class='ocrx_word' id='word_1_153' title='bbox 490 1951 584 2012; x_wconf 86' lang='lat' dir='ltr'>vocet,</span> <span class='ocrx_word' id='word_1_154' title='bbox 602 1937 633 1996; x_wconf 92' lang='lat' dir='ltr'>id</span> <span class='ocrx_word' id='word_1_155' title='bbox 650 1951 713 2014; x_wconf 90' lang='lat' dir='ltr'>est,</span> <span class='ocrx_word' id='word_1_156' title='bbox 730 1953 864 2015; x_wconf 88' lang='lat' dir='ltr'>revocet,</span> <span class='ocrx_word' id='word_1_157' title='bbox 880 1962 938 2023; x_wconf 85' lang='lat' dir='ltr'>quo</span> <span class='ocrx_word' id='word_1_158' title='bbox 941 1939 1046 2024; x_wconf 83' lang='lat' dir='ltr'>jubeat</span> <span class='ocrx_word' id='word_1_159' title='bbox 1056 1962 1100 2002; x_wconf 88' lang='lat' dir='ltr'>re-</span> 
     </span>
     <span class='ocr_line' id='line_1_20' title="bbox 57 2025 1040 2110; baseline 0.006 -24"><span class='ocrx_word' id='word_1_160' title='bbox 57 2029 143 2102; x_wconf 81' lang='lat' dir='ltr'>uerti,</span> <span class='ocrx_word' id='word_1_161' title='bbox 159 2029 281 2110; x_wconf 81' lang='lat' dir='ltr'>respicit</span> <span class='ocrx_word' id='word_1_162' title='bbox 293 2029 407 2109; x_wconf 89' lang='lat' dir='ltr'>quippe</span> <span class='ocrx_word' id='word_1_163' title='bbox 421 2025 460 2087; x_wconf 85' lang='lat' dir='ltr'>ad</span> <span class='ocrx_word' id='word_1_164' title='bbox 471 2047 579 2088; x_wconf 84' lang='lat' dir='ltr'>vocem</span> <span class='ocrx_word' id='word_1_165' title='bbox 592 2027 720 2103; x_wconf 87' lang='lat' dir='ltr'>reduces,</span> <span class='ocrx_word' id='word_1_166' title='bbox 737 2049 797 2110; x_wconf 81' lang='lat' dir='ltr'>qua</span> <span class='ocrx_word' id='word_1_167' title='bbox 809 2051 881 2090; x_wconf 89' lang='lat' dir='ltr'>usus</span> <span class='ocrx_word' id='word_1_168' title='bbox 898 2029 1040 2092; x_wconf 85' lang='lat' dir='ltr'>Phoebus.</span> 
     </span>
    </p>

    <p class='ocr_par' dir='ltr' id='par_1_5' title="bbox 58 2113 1103 2464">
     <span class='ocr_line' id='line_1_21' title="bbox 102 2113 1103 2196; baseline 0.004 -22"><span class='ocrx_word' id='word_1_169' title='bbox 102 2135 171 2175; x_wconf 81' lang='lat' dir='ltr'>roa.</span> <span class='ocrx_word' id='word_1_170' title='bbox 186 2117 230 2176; x_wconf 86' lang='lat' dir='ltr'>Ex</span> <span class='ocrx_word' id='word_1_171' title='bbox 247 2135 363 2196; x_wconf 86' lang='lat' dir='ltr'>magno</span> <span class='ocrx_word' id='word_1_172' title='bbox 380 2113 490 2176; x_wconf 92' lang='lat' dir='ltr'>decoro</span> <span class='ocrx_word' id='word_1_173' title='bbox 514 2113 628 2174; x_wconf 87' lang='lat' dir='ltr'>dantur</span> <span class='ocrx_word' id='word_1_174' title='bbox 642 2113 794 2191; x_wconf 86' lang='lat' dir='ltr'>Anchisoe,</span> <span class='ocrx_word' id='word_1_175' title='bbox 814 2137 883 2196; x_wconf 84' lang='lat' dir='ltr'>quae</span> <span class='ocrx_word' id='word_1_176' title='bbox 894 2118 1049 2196; x_wconf 84' lang='lat' dir='ltr'>pertinent</span> <span class='ocrx_word' id='word_1_177' title='bbox 1063 2117 1103 2178; x_wconf 89' lang='lat' dir='ltr'>ad</span> 
     </span>
     <span class='ocr_line' id='line_1_22' title="bbox 58 2202 1103 2285; baseline 0.004 -23"><span class='ocrx_word' id='word_1_178' title='bbox 58 2207 269 2285; x_wconf 79' lang='lat' dir='ltr'>cognitionem</span> <span class='ocrx_word' id='word_1_179' title='bbox 283 2205 460 2264; x_wconf 86' lang='lat' dir='ltr'>vetustatis:</span> <span class='ocrx_word' id='word_1_180' title='bbox 479 2203 549 2264; x_wconf 94' lang='lat' dir='ltr'>ideo</span> <span class='ocrx_word' id='word_1_181' title='bbox 562 2203 722 2264; x_wconf 90' lang='lat' dir='ltr'>inducitur</span> <span class='ocrx_word' id='word_1_182' title='bbox 737 2202 852 2266; x_wconf 80' lang='lat' dir='ltr'>volvens</span> <span class='ocrx_word' id='word_1_183' title='bbox 870 2208 1048 2268; x_wconf 84' lang='lat' dir='ltr'>monimenta</span> <span class='ocrx_word' id='word_1_184' title='bbox 1059 2228 1103 2266; x_wconf 87' lang='lat' dir='ltr'>ve·</span> 
     </span>
     <span class='ocr_line' id='line_1_23' title="bbox 59 2292 1103 2378; baseline 0.002 -23"><span class='ocrx_word' id='word_1_185' title='bbox 59 2306 153 2355; x_wconf 79' lang='lat' dir='ltr'>terum</span> <span class='ocrx_word' id='word_1_186' title='bbox 163 2297 300 2356; x_wconf 84' lang='lat' dir='ltr'>uirorum.</span> <span class='ocrx_word' id='word_1_187' title='bbox 314 2292 461 2354; x_wconf 75' lang='lat' dir='ltr'>Praeclare</span> <span class='ocrx_word' id='word_1_188' title='bbox 474 2314 547 2354; x_wconf 89' lang='lat' dir='ltr'>vero</span> <span class='ocrx_word' id='word_1_189' title='bbox 560 2315 649 2354; x_wconf 81' lang='lat' dir='ltr'>senex</span> <span class='ocrx_word' id='word_1_190' title='bbox 664 2293 702 2354; x_wconf 87' lang='lat' dir='ltr'>ad</span> <span class='ocrx_word' id='word_1_191' title='bbox 714 2292 853 2375; x_wconf 82' lang='lat' dir='ltr'>juvenes,</span> <span class='ocrx_word' id='word_1_192' title='bbox 865 2295 1032 2378; x_wconf 84' lang='lat' dir='ltr'>discitespes</span> <span class='ocrx_word' id='word_1_193' title='bbox 1045 2318 1103 2357; x_wconf 87' lang='lat' dir='ltr'>ves-</span> 
     </span>
     <span class='ocr_line' id='line_1_24' title="bbox 59 2379 1103 2464; baseline 0.005 -24"><span class='ocrx_word' id='word_1_194' title='bbox 59 2391 130 2455; x_wconf 87' lang='lat' dir='ltr'>trus,</span> <span class='ocrx_word' id='word_1_195' title='bbox 147 2383 261 2461; x_wconf 87' lang='lat' dir='ltr'>quibus</span> <span class='ocrx_word' id='word_1_196' title='bbox 273 2383 337 2463; x_wconf 89' lang='lat' dir='ltr'>ipse</span> <span class='ocrx_word' id='word_1_197' title='bbox 348 2381 526 2440; x_wconf 87' lang='lat' dir='ltr'>destituitur</span> <span class='ocrx_word' id='word_1_198' title='bbox 531 2379 597 2461; x_wconf 84' lang='lat' dir='ltr'>jum</span> <span class='ocrx_word' id='word_1_199' title='bbox 609 2380 776 2463; x_wconf 79' lang='lat' dir='ltr'>capularis,</span> <span class='ocrx_word' id='word_1_200' title='bbox 790 2395 819 2442; x_wconf 92' lang='lat' dir='ltr'>et</span> <span class='ocrx_word' id='word_1_201' title='bbox 828 2403 915 2464; x_wconf 81' lang='lat' dir='ltr'>paene</span> <span class='ocrx_word' id='word_1_202' title='bbox 926 2382 964 2443; x_wconf 92' lang='lat' dir='ltr'>ad</span> <span class='ocrx_word' id='word_1_203' title='bbox 978 2386 1103 2446; x_wconf 87' lang='lat' dir='ltr'>ostium.</span> 
     </span>
    </p>

    <p class='ocr_par' dir='ltr' id='par_1_6' title="bbox 62 2467 1109 3165">
     <span class='ocr_line' id='line_1_25' title="bbox 104 2467 1106 2555; baseline 0.003 -25"><span class='ocrx_word' id='word_1_204' title='bbox 104 2467 173 2546; x_wconf 71' lang='lat' dir='ltr'>rod.</span> <span class='ocrx_word' id='word_1_205' title='bbox 194 2469 331 2532; x_wconf 82' lang='lat' dir='ltr'>Adhibet</span> <span class='ocrx_word' id='word_1_206' title='bbox 349 2468 496 2531; x_wconf 85' lang='lat' dir='ltr'>Anchises</span> <span class='ocrx_word' id='word_1_207' title='bbox 514 2483 714 2551; x_wconf 84' lang='lat' dir='ltr'>arguments,</span> <span class='ocrx_word' id='word_1_208' title='bbox 734 2469 846 2553; x_wconf 89' lang='lat' dir='ltr'>quibus</span> <span class='ocrx_word' id='word_1_209' title='bbox 866 2473 930 2554; x_wconf 89' lang='lat' dir='ltr'>ipse</span> <span class='ocrx_word' id='word_1_210' title='bbox 951 2476 1106 2555; x_wconf 84' lang='lat' dir='ltr'>putaverit</span> 
     </span>
     <span class='ocr_line' id='line_1_26' title="bbox 64 2557 1106 2642; baseline 0.002 -22"><span class='ocrx_word' id='word_1_211' title='bbox 64 2557 227 2621; x_wconf 80' lang='lat' dir='ltr'>oraculum</span> <span class='ocrx_word' id='word_1_212' title='bbox 241 2558 426 2642; x_wconf 89' lang='lat' dir='ltr'>capiendum</span> <span class='ocrx_word' id='word_1_213' title='bbox 437 2559 475 2620; x_wconf 92' lang='lat' dir='ltr'>de</span> <span class='ocrx_word' id='word_1_214' title='bbox 488 2561 575 2622; x_wconf 88' lang='lat' dir='ltr'>Creta</span> <span class='ocrx_word' id='word_1_215' title='bbox 588 2583 595 2620; x_wconf 75' lang='grc' dir='ltr'><strong>ε</strong></span> <span class='ocrx_word' id='word_1_216' title='bbox 606 2560 781 2636; x_wconf 87' lang='lat' dir='ltr'>oraculum,</span> <span class='ocrx_word' id='word_1_217' title='bbox 794 2563 817 2621; x_wconf 91' lang='lat' dir='ltr'>si</span> <span class='ocrx_word' id='word_1_218' title='bbox 832 2562 1019 2638; x_wconf 87' lang='lat' dir='ltr'>consideres,</span> <span class='ocrx_word' id='word_1_219' title='bbox 1030 2562 1106 2624; x_wconf 88' lang='lat' dir='ltr'>duas</span> 
     </span>
     <span class='ocr_line' id='line_1_27' title="bbox 62 2648 1106 2730; baseline 0.002 -22"><span class='ocrx_word' id='word_1_220' title='bbox 62 2649 500 2730; x_wconf 82' lang='lat' dir='ltr'>proesertimcontinuitnotas3</span> <span class='ocrx_word' id='word_1_221' title='bbox 508 2648 659 2725; x_wconf 83' lang='lat' dir='ltr'>videlicet,</span> <span class='ocrx_word' id='word_1_222' title='bbox 667 2663 921 2716; x_wconf 82' lang='lat' dir='ltr'>eamesseterram</span> <span class='ocrx_word' id='word_1_223' title='bbox 929 2650 1106 2730; x_wconf 83' lang='lat' dir='ltr'>petendam,</span> 
     </span>
     <span class='ocr_line' id='line_1_28' title="bbox 65 2735 1108 2820; baseline 0 -24"><span class='ocrx_word' id='word_1_224' title='bbox 65 2737 98 2796; x_wconf 90' lang='lat' dir='ltr'>in</span> <span class='ocrx_word' id='word_1_225' title='bbox 110 2757 173 2818; x_wconf 88' lang='lat' dir='ltr'>qua</span> <span class='ocrx_word' id='word_1_226' title='bbox 183 2749 258 2798; x_wconf 89' lang='lat' dir='ltr'>esset</span> <span class='ocrx_word' id='word_1_227' title='bbox 270 2739 370 2820; x_wconf 79' lang='lat' dir='ltr'>prime</span> <span class='ocrx_word' id='word_1_228' title='bbox 384 2739 474 2819; x_wconf 87' lang='lat' dir='ltr'>stirps</span> <span class='ocrx_word' id='word_1_229' title='bbox 487 2736 784 2818; x_wconf 86' lang='lat' dir='ltr'>parentum;deinde</span> <span class='ocrx_word' id='word_1_230' title='bbox 794 2755 861 2815; x_wconf 81' lang='lat' dir='ltr'>quse</span> <span class='ocrx_word' id='word_1_231' title='bbox 868 2735 1022 2795; x_wconf 82' lang='lat' dir='ltr'>feracitate</span> <span class='ocrx_word' id='word_1_232' title='bbox 1030 2756 1108 2817; x_wconf 82' lang='lat' dir='ltr'>prae·</span> 
     </span>
     <span class='ocr_line' id='line_1_29' title="bbox 64 2820 1106 2907; baseline -0.002 -23"><span class='ocrx_word' id='word_1_233' title='bbox 64 2823 205 2906; x_wconf 83' lang='lat' dir='ltr'>polleret.</span> <span class='ocrx_word' id='word_1_234' title='bbox 220 2827 301 2907; x_wconf 85' lang='lat' dir='ltr'>Ergo</span> <span class='ocrx_word' id='word_1_235' title='bbox 314 2823 473 2898; x_wconf 77' lang='lat' dir='ltr'>Anchises,</span> <span class='ocrx_word' id='word_1_236' title='bbox 486 2825 623 2898; x_wconf 84' lang='lat' dir='ltr'>Cretam,</span> <span class='ocrx_word' id='word_1_237' title='bbox 641 2823 698 2900; x_wconf 88' lang='lat' dir='ltr'>ait,</span> <span class='ocrx_word' id='word_1_238' title='bbox 715 2823 850 2884; x_wconf 86' lang='lat' dir='ltr'>Phoebus</span> <span class='ocrx_word' id='word_1_239' title='bbox 860 2820 965 2901; x_wconf 85' lang='lat' dir='ltr'>jubet,</span> <span class='ocrx_word' id='word_1_240' title='bbox 982 2836 1106 2902; x_wconf 84' lang='lat' dir='ltr'>quaeest</span> 
     </span>
     <span class='ocr_line' id='line_1_30' title="bbox 66 2907 1107 2998; baseline -0.001 -25"><span class='ocrx_word' id='word_1_241' title='bbox 66 2917 100 2974; x_wconf 94' lang='lat' dir='ltr'>in</span> <span class='ocrx_word' id='word_1_242' title='bbox 116 2914 221 2976; x_wconf 88' lang='lat' dir='ltr'>medio</span> <span class='ocrx_word' id='word_1_243' title='bbox 235 2907 349 2998; x_wconf 81' lang='lat' dir='ltr'>pont03</span> <span class='ocrx_word' id='word_1_244' title='bbox 362 2935 433 2975; x_wconf 86' lang='lat' dir='ltr'>nem</span> <span class='ocrx_word' id='word_1_245' title='bbox 449 2913 492 2972; x_wconf 91' lang='lat' dir='ltr'>ibi</span> <span class='ocrx_word' id='word_1_246' title='bbox 505 2934 589 2972; x_wconf 87' lang='lat' dir='ltr'>mons</span> <span class='ocrx_word' id='word_1_247' title='bbox 599 2912 707 2988; x_wconf 82' lang='lat' dir='ltr'>ldoeus,</span> <span class='ocrx_word' id='word_1_248' title='bbox 722 2926 751 2974; x_wconf 88' lang='lat' dir='ltr'>et</span> <span class='ocrx_word' id='word_1_249' title='bbox 760 2909 910 2974; x_wconf 78' lang='lat' dir='ltr'>cunabula</span> <span class='ocrx_word' id='word_1_250' title='bbox 921 2923 1024 2972; x_wconf 75' lang='lat' dir='ltr'>nostru</span> <span class='ocrx_word' id='word_1_251' title='bbox 1036 2933 1107 2994; x_wconf 75' lang='lat' dir='ltr'>pen·</span> 
     </span>
     <span class='ocr_line' id='line_1_31' title="bbox 68 3000 1109 3086; baseline -0.005 -21"><span class='ocrx_word' id='word_1_252' title='bbox 68 3007 102 3066; x_wconf 83' lang='lat' dir='ltr'>tis</span> <span class='ocrx_word' id='word_1_253' title='bbox 106 3029 119 3079; x_wconf 92' lang='lat'>,·</span> <span class='ocrx_word' id='word_1_254' title='bbox 134 3025 174 3065; x_wconf 91' lang='lat' dir='ltr'>en</span> <span class='ocrx_word' id='word_1_255' title='bbox 187 3005 276 3086; x_wconf 87' lang='lat' dir='ltr'>stirps</span> <span class='ocrx_word' id='word_1_256' title='bbox 289 3006 391 3086; x_wconf 85' lang='lat' dir='ltr'>prime</span> <span class='ocrx_word' id='word_1_257' title='bbox 410 3026 417 3062; x_wconf 80' lang='lat' dir='ltr'>t</span> <span class='ocrx_word' id='word_1_258' title='bbox 435 3000 480 3062; x_wconf 91' lang='lat' dir='ltr'>ihi</span> <span class='ocrx_word' id='word_1_259' title='bbox 498 3000 580 3063; x_wconf 83' lang='lat' dir='ltr'>urbes</span> <span class='ocrx_word' id='word_1_260' title='bbox 600 3023 715 3085; x_wconf 78' lang='lat' dir='ltr'>mapnoe</span> <span class='ocrx_word' id='word_1_261' title='bbox 732 3015 863 3076; x_wconf 85' lang='lat' dir='ltr'>centum,</span> <span class='ocrx_word' id='word_1_262' title='bbox 883 3014 912 3062; x_wconf 90' lang='lat' dir='ltr'>et</span> <span class='ocrx_word' id='word_1_263' title='bbox 926 3021 1013 3082; x_wconf 77' lang='lat' dir='ltr'>regna</span> <span class='ocrx_word' id='word_1_264' title='bbox 1030 3000 1109 3062; x_wconf 85' lang='lat' dir='ltr'>uber-</span> 
     </span>
     <span class='ocr_line' id='line_1_32' title="bbox 68 3090 378 3165; baseline 0 -13"><span class='ocrx_word' id='word_1_265' title='bbox 68 3095 163 3165; x_wconf 80' lang='lat' dir='ltr'>rima3</span> <span class='ocrx_word' id='word_1_266' title='bbox 175 3111 213 3151; x_wconf 92' lang='lat' dir='ltr'>en</span> <span class='ocrx_word' id='word_1_267' title='bbox 229 3090 378 3152; x_wconf 82' lang='lat' dir='ltr'>feracitas.</span> 
     </span>
    </p>

    <p class='ocr_par' dir='ltr' id='par_1_7' title="bbox 112 3175 1110 3262">
     <span class='ocr_line' id='line_1_33' title="bbox 112 3175 1110 3262; baseline -0.005 -22"><span class='ocrx_word' id='word_1_268' title='bbox 112 3200 178 3262; x_wconf 88' lang='lat'><strong>¹⁰7·</strong></span> <span class='ocrx_word' id='word_1_269' title='bbox 194 3179 302 3240; x_wconf 86' lang='lat' dir='ltr'>Posuit</span> <span class='ocrx_word' id='word_1_270' title='bbox 313 3180 415 3240; x_wconf 89' lang='lat' dir='ltr'>stricte</span> <span class='ocrx_word' id='word_1_271' title='bbox 426 3179 562 3261; x_wconf 90' lang='lat' dir='ltr'>stirpem,</span> <span class='ocrx_word' id='word_1_272' title='bbox 573 3175 638 3260; x_wconf 86' lang='lat' dir='ltr'>jam</span> <span class='ocrx_word' id='word_1_273' title='bbox 652 3177 713 3239; x_wconf 86' lang='lat' dir='ltr'>late</span> <span class='ocrx_word' id='word_1_274' title='bbox 724 3178 868 3262; x_wconf 87' lang='lat' dir='ltr'>explicat:</span> <span class='ocrx_word' id='word_1_275' title='bbox 879 3176 937 3252; x_wconf 90' lang='lat' dir='ltr'>ibi,</span> <span class='ocrx_word' id='word_1_276' title='bbox 951 3177 1007 3253; x_wconf 89' lang='lat' dir='ltr'>ait,</span> <span class='ocrx_word' id='word_1_277' title='bbox 1020 3187 1110 3235; x_wconf 89' lang='lat' dir='ltr'>natus</span> 
     </span>
    </p>
   </div>
   <div class='ocr_carea' id='block_1_3' title="bbox 70 3335 1120 4130">
    <p class='ocr_par' dir='ltr' id='par_1_8' title="bbox 70 3335 1114 3734">
     <span class='ocr_line' id='line_1_34' title="bbox 108 3335 1112 3414; baseline -0.002 -22"><span class='ocrx_word' id='word_1_278' title='bbox 108 3339 571 3414; x_wconf 82' lang='lat' dir='ltr'>100.Loetitia.Propterpromissem</span> <span class='ocrx_word' id='word_1_279' title='bbox 616 3343 714 3402; x_wconf 84' lang='lat' dir='ltr'>insulse</span> <span class='ocrx_word' id='word_1_280' title='bbox 727 3341 919 3395; x_wconf 82' lang='lat' dir='ltr'>dubitationem</span> <span class='ocrx_word' id='word_1_281' title='bbox 937 3337 1030 3403; x_wconf 88' lang='lat' dir='ltr'>solvit,</span> <span class='ocrx_word' id='word_1_282' title='bbox 1049 3335 1112 3390; x_wconf 89' lang='lat' dir='ltr'>dum</span> 
     </span>
     <span class='ocr_line' id='line_1_35' title="bbox 70 3419 1113 3493; baseline -0.002 -21"><span class='ocrx_word' id='word_1_283' title='bbox 70 3423 178 3493; x_wconf 90' lang='lat' dir='ltr'>imperii</span> <span class='ocrx_word' id='word_1_284' title='bbox 198 3424 395 3474; x_wconf 71' lang='lat' dir='ltr'>eternitatem:</span> <span class='ocrx_word' id='word_1_285' title='bbox 419 3421 478 3473; x_wconf 85' lang='lat' dir='ltr'>finis</span> <span class='ocrx_word' id='word_1_286' title='bbox 502 3421 572 3473; x_wconf 89' lang='lat' dir='ltr'>enim</span> <span class='ocrx_word' id='word_1_287' title='bbox 616 3433 656 3472; x_wconf 88' lang='lat' dir='ltr'>tot</span> <span class='ocrx_word' id='word_1_288' title='bbox 672 3423 756 3474; x_wconf 84' lang='lat' dir='ltr'>mario</span> <span class='ocrx_word' id='word_1_289' title='bbox 770 3431 920 3483; x_wconf 89' lang='lat' dir='ltr'>enumerat,</span> <span class='ocrx_word' id='word_1_290' title='bbox 936 3437 993 3489; x_wconf 84' lang='lat' dir='ltr'>quse</span> <span class='ocrx_word' id='word_1_291' title='bbox 1007 3419 1113 3471; x_wconf 87' lang='lat' dir='ltr'>Cretam</span> 
     </span>
     <span class='ocr_line' id='line_1_36' title="bbox 72 3497 1113 3571; baseline -0.002 -19"><span class='ocrx_word' id='word_1_292' title='bbox 72 3501 187 3571; x_wconf 87' lang='lat' dir='ltr'>auspicii</span> <span class='ocrx_word' id='word_1_293' title='bbox 207 3501 234 3551; x_wconf 91' lang='lat' dir='ltr'>iu</span> <span class='ocrx_word' id='word_1_294' title='bbox 253 3500 479 3554; x_wconf 80' lang='lat' dir='ltr'>demonstratione</span> <span class='ocrx_word' id='word_1_295' title='bbox 498 3517 573 3552; x_wconf 90' lang='lat' dir='ltr'>com·</span> <span class='ocrx_word' id='word_1_296' title='bbox 616 3499 730 3552; x_wconf 84' lang='lat' dir='ltr'>insulam</span> <span class='ocrx_word' id='word_1_297' title='bbox 749 3499 868 3552; x_wconf 86' lang='lat' dir='ltr'>adinum.</span> <span class='ocrx_word' id='word_1_298' title='bbox 884 3497 951 3550; x_wconf 86' lang='lat' dir='ltr'>Vide</span> <span class='ocrx_word' id='word_1_299' title='bbox 970 3497 1113 3550; x_wconf 84' lang='lat' dir='ltr'>Excursum</span> 
     </span>
     <span class='ocr_line' id='line_1_37' title="bbox 70 3575 1114 3652; baseline 0 -22"><span class='ocrx_word' id='word_1_300' title='bbox 70 3579 238 3650; x_wconf 89' lang='lat' dir='ltr'>prehensus,</span> <span class='ocrx_word' id='word_1_301' title='bbox 255 3577 328 3633; x_wconf 90' lang='lat' dir='ltr'>dedit</span> <span class='ocrx_word' id='word_1_302' title='bbox 342 3580 494 3652; x_wconf 87' lang='lat' dir='ltr'>petentibus</span> <span class='ocrx_word' id='word_1_303' title='bbox 509 3579 573 3630; x_wconf 77' lang='lat' dir='ltr'>iaeti·</span> <span class='ocrx_word' id='word_1_304' title='bbox 618 3579 654 3644; x_wconf 85' lang='lat' dir='ltr'>V,</span> <span class='ocrx_word' id='word_1_305' title='bbox 669 3592 732 3629; x_wconf 90' lang='lat' dir='ltr'>tom.</span> <span class='ocrx_word' id='word_1_306' title='bbox 746 3579 781 3641; x_wconf 90' lang='lat' dir='ltr'>ll,</span> <span class='ocrx_word' id='word_1_307' title='bbox 792 3595 852 3648; x_wconf 81' lang='lat' dir='ltr'>pag.</span> <span class='ocrx_word' id='word_1_308' title='bbox 870 3575 936 3648; x_wconf 70' lang='lat'>457,</span> <span class='ocrx_word' id='word_1_309' title='bbox 950 3577 995 3630; x_wconf 91' lang='lat' dir='ltr'>ubi</span> <span class='ocrx_word' id='word_1_310' title='bbox 1006 3597 1114 3631; x_wconf 82' lang='lat' dir='ltr'>narran-</span> 
     </span>
     <span class='ocr_line' id='line_1_38' title="bbox 72 3647 1114 3734; baseline -0.002 -22"><span class='ocrx_word' id='word_1_311' title='bbox 72 3663 116 3712; x_wconf 78' lang='lat' dir='ltr'>tiae</span> <span class='ocrx_word' id='word_1_312' title='bbox 126 3647 573 3734; x_wconf 77' lang='lat' dir='ltr'>optandemgrstuiationem.Serv,</span> <span class='ocrx_word' id='word_1_313' title='bbox 619 3669 662 3709; x_wconf 87' lang='lat' dir='ltr'>tur</span> <span class='ocrx_word' id='word_1_314' title='bbox 675 3658 772 3709; x_wconf 85' lang='lat' dir='ltr'>Teucri</span> <span class='ocrx_word' id='word_1_315' title='bbox 789 3669 815 3708; x_wconf 88' lang='lat' dir='ltr'>et</span> <span class='ocrx_word' id='word_1_316' title='bbox 827 3657 988 3710; x_wconf 82' lang='lat' dir='ltr'>Teucrorum</span> <span class='ocrx_word' id='word_1_317' title='bbox 1003 3677 1018 3710; x_wconf 84' lang='lat' dir='ltr'>e</span> <span class='ocrx_word' id='word_1_318' title='bbox 1035 3660 1114 3711; x_wconf 88' lang='lat' dir='ltr'>Creta</span> 
     </span>
    </p>

    <p class='ocr_par' dir='ltr' id='par_1_9' title="bbox 74 3738 1120 4130">
     <span class='ocr_line' id='line_1_39' title="bbox 113 3738 745 3810; baseline -0.009 -17"><span class='ocrx_word' id='word_1_319' title='bbox 113 3742 172 3808; x_wconf 70' lang='lat'>104.</span> <span class='ocrx_word' id='word_1_320' title='bbox 188 3741 260 3792; x_wconf 82' lang='lat' dir='ltr'>Creta</span> <span class='ocrx_word' id='word_1_321' title='bbox 270 3741 349 3793; x_wconf 76' lang='lat' dir='ltr'>Jovts.</span> <span class='ocrx_word' id='word_1_322' title='bbox 358 3741 451 3792; x_wconf 84' lang='lat' dir='ltr'>dorem</span> <span class='ocrx_word' id='word_1_323' title='bbox 459 3741 485 3790; x_wconf 90' lang='lat' dir='ltr'>in</span> <span class='ocrx_word' id='word_1_324' title='bbox 496 3739 576 3790; x_wconf 81' lang='lat' dir='ltr'>Creta</span> <span class='ocrx_word' id='word_1_325' title='bbox 621 3738 745 3810; x_wconf 72' lang='lat' dir='ltr'>origines.</span> 
     </span>
     <span class='ocr_line' id='line_1_40' title="bbox 74 3815 1115 3890; baseline -0.004 -18"><span class='ocrx_word' id='word_1_326' title='bbox 74 3831 186 3883; x_wconf 87' lang='lat' dir='ltr'>natum,</span> <span class='ocrx_word' id='word_1_327' title='bbox 207 3831 307 3870; x_wconf 87' lang='lat' dir='ltr'>certum</span> <span class='ocrx_word' id='word_1_328' title='bbox 329 3831 392 3872; x_wconf 82' lang='lat' dir='ltr'>est:</span> <span class='ocrx_word' id='word_1_329' title='bbox 413 3816 474 3869; x_wconf 91' lang='lat' dir='ltr'>ideo</span> <span class='ocrx_word' id='word_1_330' title='bbox 497 3815 576 3869; x_wconf 85' lang='lat' dir='ltr'>Crete</span> <span class='ocrx_word' id='word_1_331' title='bbox 660 3833 717 3887; x_wconf 89' lang='lat'><strong>¹⁰7·</strong></span> <span class='ocrx_word' id='word_1_332' title='bbox 730 3815 862 3870; x_wconf 78' lang='lat' dir='ltr'>Maximus</span> <span class='ocrx_word' id='word_1_333' title='bbox 871 3818 940 3869; x_wconf 83' lang='lat' dir='ltr'>unde</span> <span class='ocrx_word' id='word_1_334' title='bbox 949 3827 1029 3890; x_wconf 86' lang='lat' dir='ltr'>pater.</span> <span class='ocrx_word' id='word_1_335' title='bbox 1037 3815 1115 3869; x_wconf 81' lang='lat' dir='ltr'>Falli·</span> 
     </span>
     <span class='ocr_line' id='line_1_41' title="bbox 75 3895 1118 3969; baseline -0.006 -17"><span class='ocrx_word' id='word_1_336' title='bbox 75 3899 150 3952; x_wconf 82' lang='lat' dir='ltr'>dicta</span> <span class='ocrx_word' id='word_1_337' title='bbox 162 3900 218 3968; x_wconf 86' lang='lat' dir='ltr'>ejus</span> <span class='ocrx_word' id='word_1_338' title='bbox 231 3897 333 3964; x_wconf 85' lang='lat' dir='ltr'>insula,</span> <span class='ocrx_word' id='word_1_339' title='bbox 346 3911 371 3954; x_wconf 87' lang='lat' dir='ltr'>et</span> <span class='ocrx_word' id='word_1_340' title='bbox 384 3900 441 3968; x_wconf 88' lang='lat' dir='ltr'>ipse</span> <span class='ocrx_word' id='word_1_341' title='bbox 455 3896 574 3950; x_wconf 82' lang='lat' dir='ltr'>Creticus.</span> <span class='ocrx_word' id='word_1_342' title='bbox 621 3909 682 3949; x_wconf 83' lang='lat' dir='ltr'>tur:</span> <span class='ocrx_word' id='word_1_343' title='bbox 696 3913 757 3947; x_wconf 87' lang='lat' dir='ltr'>nam</span> <span class='ocrx_word' id='word_1_344' title='bbox 769 3897 901 3969; x_wconf 76' lang='lat' dir='ltr'>antiquior</span> <span class='ocrx_word' id='word_1_345' title='bbox 914 3895 1118 3950; x_wconf 71' lang='lat' dir='ltr'>diciturDsrda-</span> 
     </span>
     <span class='ocr_line' id='line_1_42' title="bbox 74 3973 1120 4048; baseline -0.005 -19"><span class='ocrx_word' id='word_1_346' title='bbox 74 3977 138 4030; x_wconf 83' lang='lat' dir='ltr'>Non</span> <span class='ocrx_word' id='word_1_347' title='bbox 157 3991 257 4030; x_wconf 90' lang='lat' dir='ltr'>temere</span> <span class='ocrx_word' id='word_1_348' title='bbox 277 3979 369 4048; x_wconf 72' lang='lat' dir='ltr'>querit</span> <span class='ocrx_word' id='word_1_349' title='bbox 389 3976 511 4034; x_wconf 79' lang='lat' dir='ltr'>Servius,</span> <span class='ocrx_word' id='word_1_350' title='bbox 530 3993 577 4028; x_wconf 89' lang='lat' dir='ltr'>cur</span> <span class='ocrx_word' id='word_1_351' title='bbox 622 3995 680 4028; x_wconf 86' lang='lat' dir='ltr'>nus.</span> <span class='ocrx_word' id='word_1_352' title='bbox 701 3973 751 4026; x_wconf 88' lang='lat' dir='ltr'>Alii</span> <span class='ocrx_word' id='word_1_353' title='bbox 770 3977 913 4042; x_wconf 83' lang='lat' dir='ltr'>maximus,</span> <span class='ocrx_word' id='word_1_354' title='bbox 928 3975 1120 4047; x_wconf 77' lang='lat' dir='ltr'>antiquissimus</span> 
     </span>
     <span class='ocr_line' id='line_1_43' title="bbox 78 4049 1117 4130; baseline -0.006 -23"><span class='ocrx_word' id='word_1_355' title='bbox 78 4055 163 4110; x_wconf 81' lang='lat' dir='ltr'>medio</span> <span class='ocrx_word' id='word_1_356' title='bbox 174 4067 256 4128; x_wconf 84' lang='lat' dir='ltr'>ponto</span> <span class='ocrx_word' id='word_1_357' title='bbox 268 4056 363 4110; x_wconf 86' lang='lat' dir='ltr'>dixerit</span> <span class='ocrx_word' id='word_1_358' title='bbox 375 4054 467 4130; x_wconf 82' lang='lat' dir='ltr'>Virgii.</span> <span class='ocrx_word' id='word_1_359' title='bbox 484 4055 578 4125; x_wconf 84' lang='lat' dir='ltr'>Neque</span> <span class='ocrx_word' id='word_1_360' title='bbox 623 4053 745 4118; x_wconf 62' lang='lat' dir='ltr'>traditum</span> <span class='ocrx_word' id='word_1_361' title='bbox 757 4057 893 4130; x_wconf 70' lang='lat' dir='ltr'>perpetvis</span> <span class='ocrx_word' id='word_1_362' title='bbox 904 4067 992 4110; x_wconf 83' lang='lat' dir='ltr'>autem</span> <span class='ocrx_word' id='word_1_363' title='bbox 1002 4049 1117 4124; x_wconf 70' lang='lat' dir='ltr'>appelia-</span> 
     </span>
    </p>
   </div>
   <div class='ocr_carea' id='block_1_4' title="bbox 0 0 1387 4594">
    <p class='ocr_par' dir='ltr' id='par_1_10' title="bbox 0 0 1387 4594">
     <span class='ocr_line' id='line_1_44' title="bbox 0 0 1387 4594; baseline 0 0"><span class='ocrx_word' id='word_1_364' title='bbox 0 0 1387 4594; x_wconf 95' lang='lat' dir='ltr'> </span> 
     </span>
    </p>
   </div>
  </div>
 </body>
</html>
