2692 4594
229 313 292 358 noo
556 287 938 352 COMMENTARIA

366 407 478 470 Omilu'
488 407 551 470 sola
562 412 619 470 mei
627 429 712 490 super
722 410 907 492 Astyanactis
916 412 1031 491 imago!

228 519 304 578 Satis
315 516 479 577 videbatur
492 521 590 600 imago
605 519 803 600 Astyanactis,
816 517 919 593 addit,
933 521 990 578 mei
1004 531 1034 578 et
1048 516 1137 592 milri,
1152 528 1184 577 et
1198 516 1272 590 soit,

149 647 151 654 ι
227 625 302 664 nam
318 605 403 664 nulla
418 619 461 665 est
477 606 609 686 reliqua,
622 605 684 666 hoc
697 609 779 666 enim
794 620 949 688 estsuper:
965 627 1028 686 quo
1041 605 1111 666 loco
1125 627 1199 666 cum
1212 626 1269 664 ma·

229 713 289 772 gna
301 692 439 774 emphasi
451 695 579 788 ppnitur
590 695 772 755 adverbium
785 716 842 776 pro
856 694 966 767 verb03
979 693 1081 768 idest,
1092 715 1189 774 super,
1203 713 1270 775 pro,

228 793 361 859 superest.

267 863 336 945 490.
351 868 453 947 Pergit
466 868 499 926 in
510 866 688 942 affectibus3
701 879 792 947 atque
804 871 861 942 ita,
876 879 911 927 nt
925 867 1001 928 dum
1014 869 1083 950 ipsa
1097 866 1204 926 dolori
1220 883 1271 924 suo

228 954 369 1036 indulget
382 955 594 1033 recordatione
603 959 807 1039 Astyanactis,
822 959 987 1016 Ascanium
1000 957 1142 1031 extollat,
1155 973 1274 1035 compa-

228 1064 300 1103 rans
315 1067 385 1105 cum
401 1047 471 1120 illo,
485 1049 536 1126 qui
553 1047 675 1106 futurus
689 1049 766 1108 tanti
784 1048 922 1127 imperii,
939 1049 1000 1106 nisi
1012 1067 1096 1105 mors
1110 1047 1273 1126 rapuisset,

227 1129 341 1192 haeres:
357 1137 459 1212 itaque
472 1135 585 1213 pariter
597 1147 626 1192 et
641 1155 671 1192 se
683 1130 792 1194 dolore
804 1136 908 1208 satiat,
922 1149 953 1193 et
968 1135 1135 1193 Ascanium
1150 1132 1270 1204 laudat3

227 1220 355 1300 profusa
367 1222 400 1279 in
414 1221 579 1302 lacrymas3
595 1219 760 1300 magnifica
773 1222 805 1278 in
818 1221 935 1280 laudes.

266 1306 335 1386 492.
349 1309 479 1382 Mirum,
491 1310 514 1367 si
526 1309 614 1367 aliter
624 1308 793 1368 accidisset!
806 1309 904 1368 Soluti
917 1311 951 1367 in
964 1309 1053 1366 lletus
1064 1329 1176 1367 omnes
1188 1319 1271 1381 sunt,

226 1399 320 1456 etiam
334 1400 359 1457 si
373 1410 765 1477 tantum-repraesententur
776 1399 878 1457 AEneae
890 1397 1051 1476 lacrymae,
1067 1410 1102 1457 ut
1113 1419 1178 1478 prae
1191 1411 1272 1457 caete·

227 1486 268 1545 ris
283 1488 346 1567 pii:
366 1499 395 1545 et
413 1499 494 1545 recte
511 1485 615 1546 obortis
632 1485 782 1568 lacrymis,
803 1489 878 1569 quia
895 1486 1047 1547 cadebant
1066 1500 1193 1569 sponte,
1212 1507 1272 1546 non

230 1575 351 1650 in'vitae,
365 1583 458 1656 atque
471 1575 547 1634 adeo
562 1596 639 1636 verte
652 1577 806 1659 lacrymae.

268 1662 337 1743 493.
348 1667 479 1723 Versum
489 1663 574 1724 bunc
586 1666 628 1724 sic
639 1665 811 1746 distingu03
825 1668 919 1729 Viuite
927 1665 1041 1749 :felices
1053 1664 1157 1746 quibus
1168 1667 1271 1748 estser-

231 1765 301 1811 tnna
322 1765 439 1832 peracta
450 1749 518 1834 jam
536 1774 598 1812 sua.
620 1755 706 1827 Non3
723 1757 818 1817 Viuite
825 1751 944 1837 felices,
960 1753 1077 1835 quibus,
1093 1765 1150 1812 etc.
1169 1754 1272 1833 ltaque

227 1841 315 1922 prius
327 1853 482 1920 precatur,
500 1854 535 1902 ut
549 1843 673 1902 vivant:
689 1842 802 1904 deinde
817 1845 873 1918 ait,
890 1864 941 1903 eos
955 1865 1063 1902 omnes
1079 1842 1183 1902 felices
1198 1863 1272 1918 esse,

228 1927 341 2006 quibus
355 1941 477 2008 peracta
489 1943 535 1990 est
548 1951 602 1989 sua
616 1929 741 1990 fortuna
755 1955 761 1990 :
776 1953 811 1992 ac
827 1931 956 2014 perinde
968 1932 1118 2012 relinquit
1128 1929 1273 1989 subintel·

226 2013 404 2094 ligandum,
421 2017 523 2078 felices
540 2040 665 2100 quoque
684 2041 747 2080 esse
760 2019 927 2101 Trojanos,
945 2023 998 2100 qui
1018 2018 1227 2081 consederunt
1240 2019 1271 2076 iu

227 2103 339 2182 Epiro,
352 2126 449 2184 quum
463 2106 509 2166 illi
523 2129 610 2167 suam
622 2108 780 2168 Fortunam
792 2108 856 2191 jam
872 2109 1056 2190 peregerint.
1070 2109 1099 2168 Si
1112 2109 1197 2166 enim
1211 2127 1272 2165 sen·

227 2193 324 2252 tentia
336 2206 424 2270 esset,
443 2217 535 2276 quam
554 2197 666 2278 vulgus
683 2211 789 2280 putat,
806 2199 930 2259 dixisset
941 2199 1067 2280 fertum
1082 2210 1191 2270 uestra,
1209 2217 1271 2256 non

226 2301 287 2340 sua.
307 2285 404 2364 Ergo,
419 2307 473 2345 vos
485 2289 597 2346 vivite:
612 2287 730 2364 felices,
746 2290 799 2370 qui
814 2290 857 2348 ita
871 2301 988 2360 ut·v0s;
1003 2307 1061 2346 nos
1074 2288 1160 2346 enim
1172 2285 1271 2344 infeli·

227 2389 275 2427 ces
294 2373 379 2443 satis,
400 2375 453 2452 qui
473 2394 508 2433 ex
527 2375 598 2435 fatis
617 2375 719 2439 adhuc
736 2398 885 2438 vocamur
905 2378 938 2436 in
957 2395 1040 2434 nova
1058 2392 1180 2454 semper
1196 2373 1269 2448 fata,

226 2469 375 2535 perpetua
387 2459 600 2522 calamitatum
615 2465 702 2524 serie.

266 2543 335 2624 495.
348 2548 515 2630 Comparat
527 2551 703 2614 felicitatem
716 2553 859 2630 illorum,
872 2558 927 2636 qui
939 2552 1147 2614 consederunt
1159 2553 1193 2610 in
1203 2551 1268 2632 Epi-

227 2655 278 2708 ro,
298 2657 368 2696 cum
388 2637 565 2718 laboribus,
586 2646 640 2723 qui
660 2645 719 2704 sibi
738 2648 863 2728 suisque
882 2644 1036 2717 accident,
1056 2645 1109 2723 qui
1129 2641 1268 2701 noudum

228 2725 312 2784 sedes
325 2729 479 2791 invenere.
494 2733 606 2808 Vobis,
621 2735 739 2816 inquit,
754 2748 842 2817 parta
852 2721 924 2816 ‘jam
938 2748 982 2794 est
994 2735 1094 2814 quies3
1109 2754 1176 2791 non
1190 2751 1267 2790 mare

227 2816 395 2891 arandum3
413 2842 477 2880 non
497 2824 663 2902 quaerenda
682 2824 787 2901 ltalia,
805 2838 840 2886 ut
858 2827 965 2900 nobis,
978 2845 1046 2905 quae
1059 2843 1180 2902 semper
1194 2821 1268 2900 fugit

226 2917 322 2978 retro,
336 2927 455 2986 semper
467 2908 561 2968 cedit:
576 2913 618 2968 sic
628 2913 778 2972 nimirum
791 2913 922 2995 explicat
934 2925 1031 2972 uotum
1040 2909 1266 2968 ardentissimum

227 2989 420 3050 inveniendae
433 2993 544 3052 ltaliae:
557 2995 683 3072 videtis,
698 3000 722 3056 si
735 3021 801 3058 non
813 2997 989 3072 Xanthum3
1001 3008 1032 3056 at
1044 3009 1125 3055 certe
1135 2993 1265 3074 effigiem

261 3117 320 3184 489·
333 3113 628 3191 Omittsotametwpe„
637 3124 724 3176 Etiam
769 3127 978 3200 praesentatione
995 3125 1049 3181 rei,
1070 3140 1127 3192 quae
1145 3131 1264 3184 nonest,

227 3194 285 3246 haec
296 3195 435 3247 contendit
444 3197 561 3266 Scaliger
572 3203 605 3266 V,
620 3201 651 3265 3,
664 3221 724 3254 cum
775 3219 801 3258 et
816 3218 915 3259 esset„
932 3207 995 3257 Haec
1006 3202 1128 3274 Scaliger.

122 3285 125 3307 t
225 3277 388 3328 Homericis:
410 3275 604 3343 sEtdivina,»
622 3283 723 3352 inquit,
784 3285 864 3354 '495
891 3285 968 3339 Vobis
982 3293 1058 3355 parta
1077 3280 1157 3352 quies.
1184 3279 1262 3328 Locus

228 3353 296 3404 uilla
310 3365 379 3403 sunt.
397 3353 553 3420 Sicoculos,
567 3357 656 3412 sicilie
665 3380 723 3412 ma·
767 3364 811 3416 bic
828 3366 1014 3436 cognationem
1035 3359 1118 3412 habet
1140 3377 1203 3410 oum
1222 3375 1261 3421 eos

225 3450 287 3493 nus,
299 3431 334 3481 sic
346 3449 390 3480 ora
397 3431 507 3499 serebat.
522 3435 555 3485 Et
569 3455 722 3511 quanquam
767 3444 825 3494 AEn.
837 3445 862 3510 1,
875 3443 943 3512 437:
960 3440 1145 3494 «Ofortunati
1155 3451 1261 3508 quorum

225 3510 331 3560 Graecus
343 3509 395 3574 lbi,
411 3508 535 3576 ὄφθιλμῧν
547 3515 631 3583 βολὰς,
651 3522 723 3572 miri.
764 3525 819 3591 jam
833 3526 931 3575 moenia
943 3533 1069 3594 surgunt,
1085 3520 1183 3570 AEnefls
1197 3520 1259 3568 ait.»

225 3586 720 3657 fieedixit;nonpotuitLatinenoster:
766 3603 802 3652 Ut
816 3621 880 3654 vero
896 3601 941 3654 hie
957 3601 1072 3653 cedentia
1086 3609 1167 3662 retro,
1188 3598 1226 3648 sic
1239 3596 1259 3644 in

226 3681 253 3720 at
261 3666 314 3716 alio
323 3665 406 3717 verbo
415 3677 608 3740 compensavit:
619 3691 722 3748 gestum
767 3681 806 3731 ΖΕ.
819 3681 852 3746 V,
864 3681 929 3733 628:
948 3703 958 3726 α
970 3681 1032 3732 dum
1044 3696 1093 3748 per
1104 3695 1180 3727 mare
1195 3683 1257 3743 mag·

226 3749 297 3800 enim
310 3748 449 3815 apposuit,
466 3768 547 3820 quum
559 3755 637 3823 dixit,
648 3759 722 3828 fere-
767 3777 831 3808 num
842 3760 947 3812 ltaliam
958 3759 1094 3828 sequimur
1105 3755 1257 3825 fugientem,

226 3827 282 3877 bat:
295 3836 321 3874 et
327 3825 423 3875 mirum
431 3829 502 3898 quod
511 3830 599 3897 addit,
609 3837 646 3886 Et
652 3855 722 3888 nunc
766 3848 792 3887 et
804 3837 936 3888 volvimur
951 3836 1061 3888 undis.»
1078 3837 1163 3885 Poeta
1180 3835 1256 3894 enim,

226 3901 322 3977 aquali
340 3913 421 3954 mcum
436 3909 579 3976 pubesceret
594 3931 667 3980 oevo,
691 3929 721 3968 ut
765 3927 795 3966 ut
805 3915 876 3981 aliis,
891 3917 929 3967 sic
942 3916 993 3968 sibi
1008 3913 1143 3974 interdum
1154 3912 1254 3972 insistit,

226 3994 322 4056 augeat
335 3980 461 4038 allectum
473 3993 619 4058 memorie,
636 4013 667 4045 ex
679 4013 721 4046 re·
765 4011 846 4064 seque
858 3996 915 4066 ipse
928 3994 1074 4047 aemulatur.
1089 3991 1179 4044 Cerda.
