2692 4594
252 313 313 401 176
572 304 950 372 COMMENTARIA

249 439 283 496 in
306 437 419 494 siccum
440 428 530 490 litus:
547 426 613 515 jans
631 430 732 488 omnis
751 426 895 509 juventus
917 430 1009 490 sacris
1036 432 1228 514 operabatur
1250 434 1286 496 ad

248 523 407 587 connubia
419 517 570 594 ineunda,
592 516 631 577 ad
650 539 732 578 nova
749 538 821 578 arva
839 518 987 579 colenda:
1005 517 1068 601 jam
1085 542 1144 602 ego
1162 523 1287 584 illorum

246 606 464 696 princepsjuro
478 605 632 686 domosque
649 603 771 677 dabam,
789 603 822 664 id
837 618 897 680 est,
914 606 986 686 jura
1000 608 1174 669 condendis
1193 609 1288 670 domi·

246 701 315 774 bus,
325 693 560 773 dividendisque
569 691 743 750 domiciliis.
753 690 873 752 Clarius
884 714 891 752 ε
903 692 1041 754 dicebam
1053 717 1116 777 quo
1124 695 1197 778 jure
1208 701 1286 779 quis·

248 810 308 871 que
322 807 385 848 esse
395 782 535 856 deberet;
546 783 702 840 nonenim
715 782 870 862 principes
879 781 1032 844 debebant
1043 807 1135 867 aequo
1148 808 1213 848 esse
1224 787 1288 868 jure

247 900 317 940 cum
331 875 433 959 plebe,
444 892 545 954 neque
556 889 642 952 aequa
653 871 741 951 spatii
751 883 837 951 parte
847 871 885 931 ad
895 873 1071 935 condendas
1081 877 1179 953 tedes,
1193 900 1288 960 quum

245 969 349 1048 potius
364 961 510 1022 deberent
523 957 666 1018 excellere
680 959 779 1038 spatio
792 958 853 1018 loci
863 1002 872 1034 ,
884 971 914 1018 et
927 960 1040 1022 aedium
1060 966 1288 1044 magnitudine.

246 1049 444 1133 Pergitsubito
452 1066 551 1129 qaum,
560 1057 615 1104 etc.
624 1045 813 1104 Sententiam
820 1046 1104 1130 sicconcipe3quum
1111 1050 1209 1112 subito
1217 1056 1293 1112 venit

247 1141 321 1214 lues,
334 1162 368 1200 ac
378 1136 505 1221 perinde
514 1156 609 1196 annus
620 1132 748 1218 lethifer:
761 1133 826 1194 lues
836 1137 892 1194 ista
908 1136 1004 1198 tahida
1015 1138 1198 1214 hominihus,
1211 1144 1289 1201 mise·

245 1229 337 1291 tanda
349 1224 496 1287 arboribus
505 1244 541 1284 ao
551 1224 628 1282 sotis.
638 1223 685 1282 Sic
695 1220 838 1302 dispono,
846 1236 882 1282 ut
890 1223 973 1283 tabes
985 1228 1125 1307 respiciat
1136 1225 1288 1304 homines,

247 1339 323 1402 quos
337 1315 482 1396 intelligit
498 1334 551 1395 per
565 1310 708 1385 memhra5
724 1313 846 1372 miseria
864 1325 894 1372 et
911 1313 1085 1388 calamitas,
1103 1317 1196 1396 ¹agros
1212 1340 1219 1375 :
1238 1320 1290 1376 ita·

247 1428 307 1490 que
318 1403 500 1464 hominibus
512 1401 573 1460 fuit
584 1398 704 1474 tabida,
719 1401 799 1482 agris
814 1399 986 1460 miseranda
1000 1424 1007 1460 :
1022 1400 1150 1462 adhibet
1166 1425 1289 1466 causam

246 1503 353 1584 pestis,
365 1495 402 1554 ab
414 1506 546 1575 corrupto
557 1491 623 1553 ooelt'
635 1504 735 1552 hacto.

291 1587 356 1660 140.
369 1581 455 1641 Dixit
465 1575 611 1654 strictim,
623 1593 737 1659 pestem
748 1579 834 1638 illam
844 1579 937 1640 fuisse
948 1579 1084 1641 tabidam
1095 1580 1288 1657 hominibus,

248 1677 329 1760 agris
340 1669 546 1731 miserandam
559 1691 566 1727 :
577 1667 638 1728 hoc
648 1667 713 1750 jam
728 1669 860 1750 explieat
873 1692 880 1726 :
896 1668 955 1730 fuit
968 1669 1073 1730 tabida
1088 1670 1288 1750 hominibus,

249 1765 324 1847 quia
343 1772 396 1820 aut
412 1756 640 1830 moriebantur,
661 1768 715 1815 aut
733 1769 820 1816 erant
841 1776 922 1836 aegro
943 1778 1094 1840 corpore:
1114 1761 1289 1820 miseranda

225 1895 228 1899 -
250 1854 346 1934 agris,
360 1848 433 1930 quia
444 1847 522 1906 Sirio
537 1857 644 1905 urente
657 1845 775 1906 steriles
787 1842 919 1919 flebant;
937 1848 1009 1927 quia
1024 1845 1128 1908 herbae
1143 1847 1289 1924 arebant;

251 1940 325 2022 quia
337 1955 419 2016 seges
431 1953 528 2013 aegra,
540 1931 572 1990 id
587 1945 647 2006 est,
663 1945 740 1991 tacta
755 1931 794 1990 ab
805 1931 871 2004 luc,
884 1934 998 1992 victum
1017 1935 1161 2015 negabat.
1176 1938 1212 1995 ln
1229 1958 1289 2018 quo
1332 1943 1333 2010 j

250 2029 342 2088 etiarn
354 2024 412 2084 sibi
426 2018 607 2102 respondet;
622 2039 695 2078 nam
710 2020 825 2078 exustio
838 2038 985 2098 agrorum
996 2033 1039 2078 est
1052 2041 1111 2100 pro
1127 2037 1229 2083 morte
1240 2022 1291 2082 ho·
1332 2031 1333 2088 i

249 2119 388 2189 minum,
402 2109 553 2193 agritudo
569 2111 676 2189 segetis
689 2130 746 2190 pro
761 2111 846 2190 aegris
858 2110 1047 2191 corporibus.
1061 2109 1146 2172 Nihil
1155 2109 1217 2173 hoc
1227 2127 1292 2174 rate

249 2207 437 2271 concinnius.

291 2295 356 2365 143.
368 2291 442 2353 Vult
454 2287 599 2350 Anchises
608 2292 726 2370 precari
733 2290 856 2348 veniam
868 2278 984 2350 or'aculi
992 2289 1073 2348 male
1082 2290 1290 2373 interpretati3

249 2385 320 2446 ideo
331 2376 491 2442 contendit
503 2377 601 2436 redire
610 2377 644 2434 in
656 2373 769 2434 Delum
777 2419 786 2450 ,
795 2389 826 2434 et
838 2377 973 2436 remetiri
986 2376 1121 2456 pelagus,
1133 2380 1290 2439 utiterum

249 2474 377 2536 adeatur
390 2466 561 2529 oraculum.
583 2467 627 2524 Ex
647 2463 764 2546 duplici
787 2464 923 2526 dictione
944 2464 1094 2547 disjuncta
1114 2467 1168 2541 od,
1191 2483 1221 2528 et
1238 2473 1290 2542 ire,

247 2557 404 2640 conjunge
415 2552 543 2612 verbum
557 2550 636 2610 adire
648 2549 819 2612 oraculum:
835 2573 908 2612 nam
922 2551 987 2613 haec
1001 2565 1046 2612 est
1058 2552 1179 2634 phrasis
1191 2558 1292 2616 Maro-

249 2651 297 2710 nis
311 2647 367 2710 lib.
382 2645 455 2717 Vll,
470 2639 588 2703 omnio
600 2643 698 2701 Fauni
713 2641 838 2702 Fatidict'
848 2645 983 2724 genitoris
997 2642 1066 2703 odit.
1331 2667 1332 2696 ;

292 2731 356 2810 145.
369 2729 490 2812 Triplex
505 2729 629 2810 petitio,
647 2748 741 2809 quam
757 2729 894 2809 cogitant
906 2727 1023 2790 deferre
1036 2727 1075 2788 ad
1093 2719 1290 2810 Apollinem:
1331 2729 1332 2758 ¹

221 2823 225 2834 '
248 2827 366 2911 prima,
376 2833 412 2880 ut
421 2818 550 2880 modurn
561 2829 675 2878 statuat
684 2817 839 2878 erroribus
849 2817 1053 2899 Trojanorum
1064 2841 1071 2876 :
1081 2818 1193 2894 altera,
1206 2822 1290 2901 quod

249 2909 396 2972 auxilium
417 2904 575 2988 expiandae
595 2906 690 2988 pesti:
712 2906 817 2980 tertia,
837 2925 899 2986 quo
923 2927 1026 2966 cursus
1045 2904 1228 2986 dirigendus
1250 2909 1290 2969 ad

249 3002 392 3084 quietem.

293 3088 357 3170 147.
370 3082 512 3146 Consulit
528 3081 578 3142 hic
592 3104 648 3143 suo
667 3083 738 3142 duci
758 3084 920 3166 Virgilius,
936 3098 965 3145 et
979 3107 1098 3167 semper
1112 3088 1205 3154 credo
1220 3109 1291 3150 cum

249 3189 386 3260 respectu
399 3173 438 3234 ad
450 3175 620 3253 Augustum
629 3193 724 3250 ,nam
735 3171 785 3236 hic
800 3176 839 3233 ab
856 3175 910 3234 illo
924 3195 955 3234 se
971 3197 1067 3256 genus
1080 3175 1194 3238 ducere
1208 3181 1291 3239 credi

249 3265 394 3328 volebat:
408 3274 438 3320 et
448 3257 512 3317 haec
526 3256 654 3322 fortasse
668 3280 772 3335 causa,
784 3283 838 3320 cur
848 3260 998 3321 Anchisen
1013 3265 1043 3321 in
1056 3265 1291 3345 interpretando

249 3365 402 3412 errantem
420 3344 590 3420 induxerit,
603 3359 638 3404 ut
658 3366 738 3404 unus
755 3349 863 3408 AEneas
885 3369 947 3407 rem
967 3349 1109 3430 explicet,
1129 3368 1158 3409 et
1178 3351 1292 3434 dignus
1330 3389 1331 3396 κ

250 3453 418 3510 censeatur,
430 3435 479 3494 cui
493 3449 660 3516 appareant
669 3440 809 3498 numina.
823 3440 930 3520 ltaque
940 3442 983 3500 ait
995 3443 1120 3515 AEneas,
1135 3443 1169 3500 in
1185 3461 1290 3516 nocte,

252 3544 282 3590 et
294 3548 391 3609 quum
404 3525 496 3584 altior
507 3538 550 3584 est
558 3529 848 3604 somnus,visassibi
853 3529 965 3611 jacenti
976 3534 1007 3590 in
1017 3531 1093 3590 lecto
1107 3533 1292 3594 dormienti·

287 3706 344 3772 143.
354 3705 455 3757 Rursus.
467 3705 619 3776 Pater,qui
631 3707 746 3778 pruden·
829 3711 885 3781 147.
906 3714 968 3765 Nox
986 3721 1050 3762 erat.
1069 3712 1189 3764 Virtutes
1208 3715 1289 3764 animi
1330 3715 1331 3720 ’

248 3787 287 3837 tia
308 3783 373 3836 alios
392 3783 519 3854 praeibat,
540 3788 641 3856 primus
664 3790 745 3840 sensit
789 3791 830 3841 sui
853 3803 879 3842 et
903 3791 1044 3853 meritum,
1065 3791 1153 3861 gratia
1177 3791 1287 3844 deorum

136 3899 142 3909 .
248 3861 349 3933 aliquid
372 3863 471 3915 lactum
494 3877 588 3917 contra
612 3880 745 3938 precepta
789 3869 1287 3941 commendattetosteudit,quodcae-

248 3944 386 4015 Apollinis.
393 3946 595 4010 D.-Oraclum‚
602 3966 651 4017 pro
658 3967 744 4000 oraru·
788 3952 849 4002 teris
858 3948 1065 4026 dormientibus,
1075 3950 1133 4018 ipse
1142 3953 1241 4003 acriter
1249 3971 1288 4001 re·

248 4023 316 4090 lam,
330 4023 402 4096 quod
411 4023 510 4078 habent
519 4028 620 4096 antiqui
628 4026 742 4080 codices.
787 4029 837 4082 bus
847 4029 962 4101 publicis
972 4027 1130 4099 invigilaret.
1141 4031 1239 4082 Donat.
