<?xml version="1.0" encoding="UTF-8"?>
<!DOCTYPE html PUBLIC "-//W3C//DTD XHTML 1.0 Transitional//EN"
    "http://www.w3.org/TR/xhtml1/DTD/xhtml1-transitional.dtd">
<html xmlns="http://www.w3.org/1999/xhtml" xml:lang="en" lang="en">
 <head>
  <title>
</title>
<meta http-equiv="Content-Type" content="text/html;charset=utf-8" />
  <meta name='ocr-system' content='tesseract 3.04.00' />
  <meta name='ocr-capabilities' content='ocr_page ocr_carea ocr_par ocr_line ocrx_word'/>
</head>
<body>
  <div class='ocr_page' id='page_1' title='image "./pvirgiliusmaroq02barbgoog_0292.png"; bbox 0 0 2676 4602; ppageno 0'>
   <div class='ocr_carea' id='block_1_1' title="bbox 205 323 917 416">
    <p class='ocr_par' dir='ltr' id='par_1_1' title="bbox 205 323 917 416">
     <span class='ocr_line' id='line_1_1' title="bbox 205 323 917 416; baseline -0.014 -18"><span class='ocrx_word' id='word_1_1' title='bbox 205 332 269 416; x_wconf 73' lang='lat'>246</span> <span class='ocrx_word' id='word_1_2' title='bbox 533 323 917 392; x_wconf 79' lang='lat' dir='ltr'>eonnanmam</span> 
     </span>
    </p>
   </div>
   <div class='ocr_carea' id='block_1_2' title="bbox 201 437 1247 804">
    <p class='ocr_par' dir='ltr' id='par_1_2' title="bbox 201 437 1247 804">
     <span class='ocr_line' id='line_1_2' title="bbox 243 437 1246 540; baseline -0.007 -23"><span class='ocrx_word' id='word_1_3' title='bbox 243 459 311 540; x_wconf 83' lang='lat'><strong>287.</strong></span> <span class='ocrx_word' id='word_1_4' title='bbox 321 437 407 516; x_wconf 80' lang='lat' dir='ltr'>luter</span> <span class='ocrx_word' id='word_1_5' title='bbox 416 452 519 510; x_wconf 88' lang='lat' dir='ltr'>varios</span> <span class='ocrx_word' id='word_1_6' title='bbox 531 451 629 509; x_wconf 86' lang='lat' dir='ltr'>animi</span> <span class='ocrx_word' id='word_1_7' title='bbox 644 462 765 524; x_wconf 88' lang='lat' dir='ltr'>motus,</span> <span class='ocrx_word' id='word_1_8' title='bbox 778 459 807 508; x_wconf 91' lang='lat' dir='ltr'>et</span> <span class='ocrx_word' id='word_1_9' title='bbox 818 461 910 510; x_wconf 83' lang='lat' dir='ltr'>aestus</span> <span class='ocrx_word' id='word_1_10' title='bbox 920 451 1163 529; x_wconf 79' lang='lat' dir='ltr'><strong>cogitationum,</strong></span> <span class='ocrx_word' id='word_1_11' title='bbox 1175 449 1246 511; x_wconf 91' lang='lat' dir='ltr'>deli-</span> 
     </span>
     <span class='ocr_line' id='line_1_3' title="bbox 204 539 1245 627; baseline -0.009 -19"><span class='ocrx_word' id='word_1_12' title='bbox 204 547 294 608; x_wconf 89' lang='lat' dir='ltr'>berat</span> <span class='ocrx_word' id='word_1_13' title='bbox 306 544 382 627; x_wconf 87' lang='lat' dir='ltr'>quid</span> <span class='ocrx_word' id='word_1_14' title='bbox 393 540 588 616; x_wconf 88' lang='lat' dir='ltr'>faciendum,</span> <span class='ocrx_word' id='word_1_15' title='bbox 603 541 724 622; x_wconf 90' lang='lat' dir='ltr'>optimo</span> <span class='ocrx_word' id='word_1_16' title='bbox 737 539 827 600; x_wconf 91' lang='lat' dir='ltr'>ducis</span> <span class='ocrx_word' id='word_1_17' title='bbox 840 540 997 622; x_wconf 89' lang='lat' dir='ltr'>exemplo,</span> <span class='ocrx_word' id='word_1_18' title='bbox 1009 544 1063 622; x_wconf 90' lang='lat' dir='ltr'>qui</span> <span class='ocrx_word' id='word_1_19' title='bbox 1077 545 1122 601; x_wconf 90' lang='lat' dir='ltr'>ita</span> <span class='ocrx_word' id='word_1_20' title='bbox 1135 541 1245 622; x_wconf 91' lang='lat' dir='ltr'>abripi-</span> 
     </span>
     <span class='ocr_line' id='line_1_4' title="bbox 201 627 1245 711; baseline -0.008 -17"><span class='ocrx_word' id='word_1_21' title='bbox 201 634 363 706; x_wconf 76' lang='lat' dir='ltr'>turcana,</span> <span class='ocrx_word' id='word_1_22' title='bbox 374 646 482 692; x_wconf 90' lang='lat' dir='ltr'>utnon</span> <span class='ocrx_word' id='word_1_23' title='bbox 494 629 635 708; x_wconf 78' lang='lat' dir='ltr'>consilio.</span> <span class='ocrx_word' id='word_1_24' title='bbox 646 629 718 688; x_wconf 87' lang='lat' dir='ltr'>Tria</span> <span class='ocrx_word' id='word_1_25' title='bbox 728 648 801 688; x_wconf 90' lang='lat' dir='ltr'>vero</span> <span class='ocrx_word' id='word_1_26' title='bbox 813 627 980 688; x_wconf 80' lang='lat' dir='ltr'>deliberat:</span> <span class='ocrx_word' id='word_1_27' title='bbox 991 629 1126 689; x_wconf 81' lang='lat' dir='ltr'><strong>classem</strong></span> <span class='ocrx_word' id='word_1_28' title='bbox 1138 633 1245 711; x_wconf 75' lang='lat' dir='ltr'>aptari,</span> 
     </span>
     <span class='ocr_line' id='line_1_5' title="bbox 204 717 1247 804; baseline -0.006 -22"><span class='ocrx_word' id='word_1_29' title='bbox 204 725 274 804; x_wconf 85' lang='lat' dir='ltr'>cogi</span> <span class='ocrx_word' id='word_1_30' title='bbox 293 723 395 782; x_wconf 87' lang='lat' dir='ltr'>socios</span> <span class='ocrx_word' id='word_1_31' title='bbox 413 719 451 779; x_wconf 90' lang='lat' dir='ltr'>ad</span> <span class='ocrx_word' id='word_1_32' title='bbox 469 717 578 792; x_wconf 83' lang='lat' dir='ltr'>litora3</span> <span class='ocrx_word' id='word_1_33' title='bbox 598 719 701 798; x_wconf 87' lang='lat' dir='ltr'>parari</span> <span class='ocrx_word' id='word_1_34' title='bbox 719 739 814 776; x_wconf 86' lang='lat' dir='ltr'>arma.</span> <span class='ocrx_word' id='word_1_35' title='bbox 834 719 891 776; x_wconf 91' lang='lat' dir='ltr'>His</span> <span class='ocrx_word' id='word_1_36' title='bbox 905 718 1003 778; x_wconf 86' lang='lat' dir='ltr'>tribus</span> <span class='ocrx_word' id='word_1_37' title='bbox 1019 718 1151 778; x_wconf 90' lang='lat' dir='ltr'>modum</span> <span class='ocrx_word' id='word_1_38' title='bbox 1166 718 1247 778; x_wconf 82' lang='lat' dir='ltr'>addit</span> 
     </span>
    </p>
   </div>
   <div class='ocr_carea' id='block_1_3' title="bbox 199 805 1266 3552">
    <p class='ocr_par' dir='ltr' id='par_1_3' title="bbox 202 805 1266 1690">
     <span class='ocr_line' id='line_1_6' title="bbox 204 805 1245 890; baseline -0.007 -20"><span class='ocrx_word' id='word_1_39' title='bbox 204 825 234 870; x_wconf 91' lang='lat' dir='ltr'>et</span> <span class='ocrx_word' id='word_1_40' title='bbox 247 813 415 885; x_wconf 89' lang='lat' dir='ltr'>rationem,</span> <span class='ocrx_word' id='word_1_41' title='bbox 428 831 488 890; x_wconf 90' lang='lat' dir='ltr'>qua</span> <span class='ocrx_word' id='word_1_42' title='bbox 498 807 574 866; x_wconf 88' lang='lat' dir='ltr'>velit</span> <span class='ocrx_word' id='word_1_43' title='bbox 586 805 669 882; x_wconf 85' lang='lat' dir='ltr'>fieri,</span> <span class='ocrx_word' id='word_1_44' title='bbox 681 807 832 868; x_wconf 87' lang='lat' dir='ltr'>nimirum</span> <span class='ocrx_word' id='word_1_45' title='bbox 845 808 939 866; x_wconf 88' lang='lat' dir='ltr'>tacite</span> <span class='ocrx_word' id='word_1_46' title='bbox 952 821 981 866; x_wconf 90' lang='lat' dir='ltr'>et</span> <span class='ocrx_word' id='word_1_47' title='bbox 995 807 1245 868; x_wconf 79' lang='lat' dir='ltr'>dissimulanter:</span> 
     </span>
     <span class='ocr_line' id='line_1_7' title="bbox 202 895 1247 982; baseline -0.002 -24"><span class='ocrx_word' id='word_1_48' title='bbox 202 921 290 979; x_wconf 90' lang='lat' dir='ltr'>ergo,</span> <span class='ocrx_word' id='word_1_49' title='bbox 311 899 447 982; x_wconf 86' lang='lat' dir='ltr'>aptanda</span> <span class='ocrx_word' id='word_1_50' title='bbox 461 898 580 972; x_wconf 86' lang='lat' dir='ltr'>classis,</span> <span class='ocrx_word' id='word_1_51' title='bbox 598 917 660 977; x_wconf 86' lang='lat' dir='ltr'>qua</span> <span class='ocrx_word' id='word_1_52' title='bbox 673 895 844 970; x_wconf 83' lang='lat' dir='ltr'>vehantur3</span> <span class='ocrx_word' id='word_1_53' title='bbox 864 896 996 978; x_wconf 85' lang='lat' dir='ltr'>cogendi</span> <span class='ocrx_word' id='word_1_54' title='bbox 1010 899 1104 970; x_wconf 87' lang='lat' dir='ltr'>socii,</span> <span class='ocrx_word' id='word_1_55' title='bbox 1123 899 1178 979; x_wconf 92' lang='lat' dir='ltr'>qui</span> <span class='ocrx_word' id='word_1_56' title='bbox 1193 919 1247 956; x_wconf 91' lang='lat' dir='ltr'>ser-</span> 
     </span>
     <span class='ocr_line' id='line_1_8' title="bbox 202 983 1248 1068; baseline -0.001 -24"><span class='ocrx_word' id='word_1_57' title='bbox 202 1002 328 1061; x_wconf 88' lang='lat' dir='ltr'>ventur;</span> <span class='ocrx_word' id='word_1_58' title='bbox 348 985 488 1068; x_wconf 87' lang='lat' dir='ltr'>paranda</span> <span class='ocrx_word' id='word_1_59' title='bbox 502 1004 603 1057; x_wconf 86' lang='lat' dir='ltr'>arma,</span> <span class='ocrx_word' id='word_1_60' title='bbox 624 987 650 1043; x_wconf 91' lang='lat' dir='ltr'>si</span> <span class='ocrx_word' id='word_1_61' title='bbox 664 984 725 1044; x_wconf 88' lang='lat' dir='ltr'>illis</span> <span class='ocrx_word' id='word_1_62' title='bbox 736 1005 815 1066; x_wconf 91' lang='lat' dir='ltr'>opus</span> <span class='ocrx_word' id='word_1_63' title='bbox 828 983 995 1044; x_wconf 86' lang='lat' dir='ltr'>adversum</span> <span class='ocrx_word' id='word_1_64' title='bbox 1004 987 1176 1045; x_wconf 89' lang='lat' dir='ltr'>Poenorum</span> <span class='ocrx_word' id='word_1_65' title='bbox 1188 988 1248 1044; x_wconf 88' lang='lat' dir='ltr'>vim</span> 
     </span>
     <span class='ocr_line' id='line_1_9' title="bbox 204 1071 1248 1156; baseline -0.001 -24"><span class='ocrx_word' id='word_1_66' title='bbox 204 1087 235 1132; x_wconf 91' lang='lat' dir='ltr'>et</span> <span class='ocrx_word' id='word_1_67' title='bbox 248 1077 373 1155; x_wconf 69' lang='lat' dir='ltr'>Regina</span> <span class='ocrx_word' id='word_1_68' title='bbox 386 1077 558 1156; x_wconf 88' lang='lat' dir='ltr'>impetum:</span> <span class='ocrx_word' id='word_1_69' title='bbox 574 1071 808 1142; x_wconf 77' lang='lat' dir='ltr'>dissimulanter</span> <span class='ocrx_word' id='word_1_70' title='bbox 819 1073 964 1133; x_wconf 83' lang='lat' dir='ltr'>facienda</span> <span class='ocrx_word' id='word_1_71' title='bbox 979 1077 1104 1149; x_wconf 91' lang='lat' dir='ltr'>omnia,</span> <span class='ocrx_word' id='word_1_72' title='bbox 1117 1095 1182 1156; x_wconf 90' lang='lat' dir='ltr'>quo</span> <span class='ocrx_word' id='word_1_73' title='bbox 1195 1075 1248 1132; x_wconf 92' lang='lat' dir='ltr'>mi-</span> 
     </span>
     <span class='ocr_line' id='line_1_10' title="bbox 202 1157 1249 1247; baseline 0.003 -27"><span class='ocrx_word' id='word_1_74' title='bbox 202 1183 278 1224; x_wconf 89' lang='lat' dir='ltr'>nore</span> <span class='ocrx_word' id='word_1_75' title='bbox 291 1157 369 1225; x_wconf 84' lang='lat' dir='ltr'>fiant</span> <span class='ocrx_word' id='word_1_76' title='bbox 384 1163 556 1247; x_wconf 87' lang='lat' dir='ltr'>impendio.</span> <span class='ocrx_word' id='word_1_77' title='bbox 578 1163 683 1239; x_wconf 85' lang='lat' dir='ltr'>Quum</span> <span class='ocrx_word' id='word_1_78' title='bbox 697 1182 772 1220; x_wconf 87' lang='lat' dir='ltr'>vero</span> <span class='ocrx_word' id='word_1_79' title='bbox 787 1160 923 1223; x_wconf 89' lang='lat' dir='ltr'>ducibus</span> <span class='ocrx_word' id='word_1_80' title='bbox 936 1165 998 1222; x_wconf 88' lang='lat' dir='ltr'>alia</span> <span class='ocrx_word' id='word_1_81' title='bbox 1010 1163 1249 1245; x_wconf 70' lang='lat' dir='ltr'>praescripserit,</span> 
     </span>
     <span class='ocr_line' id='line_1_11' title="bbox 202 1250 1251 1332; baseline -0.002 -20"><span class='ocrx_word' id='word_1_82' title='bbox 202 1254 261 1312; x_wconf 83' lang='lat' dir='ltr'>sibi</span> <span class='ocrx_word' id='word_1_83' title='bbox 283 1255 454 1313; x_wconf 79' lang='lat' dir='ltr'><strong>maximam</strong></span> <span class='ocrx_word' id='word_1_84' title='bbox 475 1253 593 1332; x_wconf 85' lang='lat' dir='ltr'>negotii</span> <span class='ocrx_word' id='word_1_85' title='bbox 615 1265 738 1332; x_wconf 87' lang='lat' dir='ltr'>partem</span> <span class='ocrx_word' id='word_1_86' title='bbox 761 1250 927 1332; x_wconf 83' lang='lat' dir='ltr'>relinquit,</span> <span class='ocrx_word' id='word_1_87' title='bbox 951 1251 1097 1312; x_wconf 86' lang='lat' dir='ltr'>videlicet</span> <span class='ocrx_word' id='word_1_88' title='bbox 1120 1254 1251 1313; x_wconf 86' lang='lat' dir='ltr'>Didonis</span> 
     </span>
     <span class='ocr_line' id='line_1_12' title="bbox 204 1335 1266 1424; baseline 0 -26"><span class='ocrx_word' id='word_1_89' title='bbox 204 1343 300 1400; x_wconf 89' lang='lat' dir='ltr'>animi</span> <span class='ocrx_word' id='word_1_90' title='bbox 320 1343 594 1424; x_wconf 86' lang='lat' dir='ltr'>expugnationem.</span> <span class='ocrx_word' id='word_1_91' title='bbox 607 1343 660 1399; x_wconf 85' lang='lat' dir='ltr'>Est</span> <span class='ocrx_word' id='word_1_92' title='bbox 673 1337 831 1400; x_wconf 81' lang='lat' dir='ltr'>alternanti</span> <span class='ocrx_word' id='word_1_93' title='bbox 836 1385 845 1413; x_wconf 87' lang='lat'>,</span> <span class='ocrx_word' id='word_1_94' title='bbox 859 1338 955 1399; x_wconf 90' lang='lat' dir='ltr'>modo</span> <span class='ocrx_word' id='word_1_95' title='bbox 970 1339 1045 1416; x_wconf 88' lang='lat' dir='ltr'>hoc,</span> <span class='ocrx_word' id='word_1_96' title='bbox 1063 1341 1162 1400; x_wconf 89' lang='lat' dir='ltr'>modo</span> <span class='ocrx_word' id='word_1_97' title='bbox 1176 1335 1266 1399; x_wconf 82' lang='lat' dir='ltr'>illud&#39;</span> 
     </span>
     <span class='ocr_line' id='line_1_13' title="bbox 203 1426 1252 1511; baseline -0.003 -22"><span class='ocrx_word' id='word_1_98' title='bbox 203 1431 370 1510; x_wconf 74' lang='lat' dir='ltr'>cogitanti,</span> <span class='ocrx_word' id='word_1_99' title='bbox 389 1429 555 1490; x_wconf 81' lang='lat' dir='ltr'>fluctuanti</span> <span class='ocrx_word' id='word_1_100' title='bbox 570 1427 681 1508; x_wconf 86' lang='lat' dir='ltr'>plane:</span> <span class='ocrx_word' id='word_1_101' title='bbox 700 1431 843 1509; x_wconf 82' lang='lat' dir='ltr'><strong><em>Tempora</em></strong></span> <span class='ocrx_word' id='word_1_102' title='bbox 858 1426 1031 1488; x_wconf 83' lang='lat' dir='ltr'>mollissima</span> <span class='ocrx_word' id='word_1_103' title='bbox 1047 1443 1123 1488; x_wconf 90' lang='lat' dir='ltr'>sunt</span> <span class='ocrx_word' id='word_1_104' title='bbox 1140 1450 1252 1511; x_wconf 92' lang='lat' dir='ltr'>oppor-</span> 
     </span>
     <span class='ocr_line' id='line_1_14' title="bbox 202 1516 1253 1598; baseline -0.002 -21"><span class='ocrx_word' id='word_1_105' title='bbox 202 1532 288 1578; x_wconf 88' lang='lat' dir='ltr'>tuna.</span> <span class='ocrx_word' id='word_1_106' title='bbox 305 1519 363 1579; x_wconf 88' lang='lat' dir='ltr'>Sed</span> <span class='ocrx_word' id='word_1_107' title='bbox 377 1518 472 1598; x_wconf 85' lang='lat' dir='ltr'>friget</span> <span class='ocrx_word' id='word_1_108' title='bbox 485 1517 559 1592; x_wconf 83' lang='lat' dir='ltr'>hoc3</span> <span class='ocrx_word' id='word_1_109' title='bbox 576 1536 713 1598; x_wconf 84' lang='lat' dir='ltr'>nequeas</span> <span class='ocrx_word' id='word_1_110' title='bbox 726 1517 811 1575; x_wconf 91' lang='lat' dir='ltr'>enim</span> <span class='ocrx_word' id='word_1_111' title='bbox 823 1531 924 1598; x_wconf 84' lang='lat' dir='ltr'>poetae</span> <span class='ocrx_word' id='word_1_112' title='bbox 935 1517 1068 1576; x_wconf 85' lang='lat' dir='ltr'>verbum</span> <span class='ocrx_word' id='word_1_113' title='bbox 1081 1518 1146 1578; x_wconf 91' lang='lat' dir='ltr'>alio</span> <span class='ocrx_word' id='word_1_114' title='bbox 1160 1516 1253 1577; x_wconf 86' lang='lat' dir='ltr'>simili</span> 
     </span>
     <span class='ocr_line' id='line_1_15' title="bbox 203 1605 825 1690; baseline -0.003 -24"><span class='ocrx_word' id='word_1_115' title='bbox 203 1607 377 1690; x_wconf 86' lang='lat' dir='ltr'>explicare:</span> <span class='ocrx_word' id='word_1_116' title='bbox 392 1607 470 1668; x_wconf 85' lang='lat' dir='ltr'>adeo</span> <span class='ocrx_word' id='word_1_117' title='bbox 483 1607 536 1666; x_wconf 90' lang='lat' dir='ltr'>ille</span> <span class='ocrx_word' id='word_1_118' title='bbox 548 1608 705 1690; x_wconf 84' lang='lat' dir='ltr'>optimum</span> <span class='ocrx_word' id='word_1_119' title='bbox 718 1605 825 1688; x_wconf 87' lang='lat' dir='ltr'>elegit!</span> 
     </span>
    </p>

    <p class='ocr_par' dir='ltr' id='par_1_4' title="bbox 202 1693 1254 2131">
     <span class='ocr_line' id='line_1_16' title="bbox 243 1693 1253 1777; baseline 0 -23"><span class='ocrx_word' id='word_1_120' title='bbox 243 1694 311 1776; x_wconf 73' lang='lat'><strong>294.</strong></span> <span class='ocrx_word' id='word_1_121' title='bbox 331 1697 429 1755; x_wconf 85' lang='lat' dir='ltr'>Erant</span> <span class='ocrx_word' id='word_1_122' title='bbox 447 1695 561 1756; x_wconf 85' lang='lat' dir='ltr'>milites</span> <span class='ocrx_word' id='word_1_123' title='bbox 581 1696 614 1754; x_wconf 91' lang='lat' dir='ltr'>in</span> <span class='ocrx_word' id='word_1_124' title='bbox 634 1693 712 1755; x_wconf 88' lang='lat' dir='ltr'>urbe</span> <span class='ocrx_word' id='word_1_125' title='bbox 733 1693 921 1775; x_wconf 73' lang='lat' dir='ltr'>Carthagine</span> <span class='ocrx_word' id='word_1_126' title='bbox 937 1694 1021 1755; x_wconf 87' lang='lat' dir='ltr'>laute</span> <span class='ocrx_word' id='word_1_127' title='bbox 1040 1707 1071 1756; x_wconf 89' lang='lat' dir='ltr'>et</span> <span class='ocrx_word' id='word_1_128' title='bbox 1090 1693 1253 1777; x_wconf 91' lang='lat' dir='ltr'>splendide</span> 
     </span>
     <span class='ocr_line' id='line_1_17' title="bbox 203 1773 1252 1866; baseline 0 -22"><span class='ocrx_word' id='word_1_129' title='bbox 203 1787 321 1865; x_wconf 86' lang='lat' dir='ltr'>accepti</span> <span class='ocrx_word' id='word_1_130' title='bbox 336 1786 368 1843; x_wconf 90' lang='lat' dir='ltr'>in</span> <span class='ocrx_word' id='word_1_131' title='bbox 384 1773 464 1859; x_wconf 77' lang='lat' dir='ltr'>otio&#39;,</span> <span class='ocrx_word' id='word_1_132' title='bbox 483 1786 516 1844; x_wconf 91' lang='lat' dir='ltr'>in</span> <span class='ocrx_word' id='word_1_133' title='bbox 529 1785 653 1866; x_wconf 89' lang='lat' dir='ltr'>quiete:</span> <span class='ocrx_word' id='word_1_134' title='bbox 671 1797 820 1844; x_wconf 89' lang='lat' dir='ltr'>ettamen</span> <span class='ocrx_word' id='word_1_135' title='bbox 837 1783 913 1844; x_wconf 88' lang='lat' dir='ltr'>inde</span> <span class='ocrx_word' id='word_1_136' title='bbox 931 1786 1046 1845; x_wconf 88' lang='lat' dir='ltr'>abituri</span> <span class='ocrx_word' id='word_1_137' title='bbox 1064 1805 1165 1866; x_wconf 90' lang='lat' dir='ltr'>quum</span> <span class='ocrx_word' id='word_1_138' title='bbox 1178 1786 1252 1856; x_wconf 90' lang='lat' dir='ltr'>sint,</span> 
     </span>
     <span class='ocr_line' id='line_1_18' title="bbox 203 1871 1253 1955; baseline -0.002 -23"><span class='ocrx_word' id='word_1_139' title='bbox 203 1874 304 1932; x_wconf 90' lang='lat' dir='ltr'>otium</span> <span class='ocrx_word' id='word_1_140' title='bbox 316 1871 472 1948; x_wconf 88' lang='lat' dir='ltr'>relicturi,</span> <span class='ocrx_word' id='word_1_141' title='bbox 486 1871 609 1933; x_wconf 87' lang='lat' dir='ltr'>labores</span> <span class='ocrx_word' id='word_1_142' title='bbox 621 1871 773 1948; x_wconf 88' lang='lat' dir='ltr'>subituri,</span> <span class='ocrx_word' id='word_1_143' title='bbox 787 1873 850 1934; x_wconf 84' lang='lat' dir='ltr'>laeti</span> <span class='ocrx_word' id='word_1_144' title='bbox 862 1888 992 1955; x_wconf 87' lang='lat' dir='ltr'>parent:</span> <span class='ocrx_word' id='word_1_145' title='bbox 1007 1873 1091 1932; x_wconf 88' lang='lat' dir='ltr'>disce</span> <span class='ocrx_word' id='word_1_146' title='bbox 1105 1871 1253 1932; x_wconf 87' lang='lat' dir='ltr'>obedien-</span> 
     </span>
     <span class='ocr_line' id='line_1_19' title="bbox 202 1961 1254 2046; baseline -0.001 -25"><span class='ocrx_word' id='word_1_147' title='bbox 202 1963 289 2022; x_wconf 86' lang='lat' dir='ltr'>tiam.</span> <span class='ocrx_word' id='word_1_148' title='bbox 300 1963 456 2023; x_wconf 77' lang='lat' dir='ltr'>Posterius</span> <span class='ocrx_word' id='word_1_149' title='bbox 467 1975 511 2024; x_wconf 85' lang='lat' dir='ltr'>est</span> <span class='ocrx_word' id='word_1_150' title='bbox 520 1961 684 2044; x_wconf 82' lang='lat' dir='ltr'>explicatio</span> <span class='ocrx_word' id='word_1_151' title='bbox 692 1964 822 2046; x_wconf 86' lang='lat' dir='ltr'>prioris3</span> <span class='ocrx_word' id='word_1_152' title='bbox 833 1967 924 2046; x_wconf 87' lang='lat' dir='ltr'>quasi</span> <span class='ocrx_word' id='word_1_153' title='bbox 933 1963 1031 2024; x_wconf 87' lang='lat' dir='ltr'>dicat:</span> <span class='ocrx_word' id='word_1_154' title='bbox 1044 1965 1254 2046; x_wconf 87' lang='lat' dir='ltr'>quiaparent,</span> 
     </span>
     <span class='ocr_line' id='line_1_20' title="bbox 203 2049 546 2131; baseline 0.003 -23"><span class='ocrx_word' id='word_1_155' title='bbox 203 2050 274 2110; x_wconf 84' lang='lat' dir='ltr'>ideo</span> <span class='ocrx_word' id='word_1_156' title='bbox 286 2049 441 2110; x_wconf 87' lang='lat' dir='ltr'>facessunt</span> <span class='ocrx_word' id='word_1_157' title='bbox 449 2049 546 2131; x_wconf 86' lang='lat' dir='ltr'>jussa.</span> 
     </span>
    </p>

    <p class='ocr_par' dir='ltr' id='par_1_5' title="bbox 201 2135 1254 2554">
     <span class='ocr_line' id='line_1_21' title="bbox 242 2135 1253 2220; baseline -0.001 -23"><span class='ocrx_word' id='word_1_158' title='bbox 242 2139 310 2218; x_wconf 88' lang='lat'><strong>296.</strong></span> <span class='ocrx_word' id='word_1_159' title='bbox 329 2139 409 2200; x_wconf 89' lang='lat' dir='ltr'>Vide</span> <span class='ocrx_word' id='word_1_160' title='bbox 429 2160 470 2200; x_wconf 91' lang='lat' dir='ltr'>an</span> <span class='ocrx_word' id='word_1_161' title='bbox 489 2157 579 2200; x_wconf 90' lang='lat' dir='ltr'>amor</span> <span class='ocrx_word' id='word_1_162' title='bbox 597 2136 760 2220; x_wconf 80' lang='lat' dir='ltr'>suspicax?</span> <span class='ocrx_word' id='word_1_163' title='bbox 781 2141 850 2220; x_wconf 90' lang='lat' dir='ltr'>quis</span> <span class='ocrx_word' id='word_1_164' title='bbox 869 2141 955 2198; x_wconf 89' lang='lat' dir='ltr'>enim</span> <span class='ocrx_word' id='word_1_165' title='bbox 974 2135 1066 2197; x_wconf 81' lang='lat' dir='ltr'>fallat</span> <span class='ocrx_word' id='word_1_166' title='bbox 1087 2157 1177 2213; x_wconf 89' lang='lat' dir='ltr'>eum,</span> <span class='ocrx_word' id='word_1_167' title='bbox 1201 2139 1253 2219; x_wconf 90' lang='lat' dir='ltr'>qui</span> 
     </span>
     <span class='ocr_line' id='line_1_22' title="bbox 202 2226 1254 2312; baseline -0.001 -26"><span class='ocrx_word' id='word_1_168' title='bbox 202 2228 302 2288; x_wconf 81' lang='lat' dir='ltr'>amat?</span> <span class='ocrx_word' id='word_1_169' title='bbox 311 2232 417 2312; x_wconf 90' lang='lat' dir='ltr'>itaque</span> <span class='ocrx_word' id='word_1_170' title='bbox 427 2229 510 2290; x_wconf 91' lang='lat' dir='ltr'>Dido</span> <span class='ocrx_word' id='word_1_171' title='bbox 520 2230 626 2288; x_wconf 90' lang='lat' dir='ltr'>statim</span> <span class='ocrx_word' id='word_1_172' title='bbox 635 2227 881 2310; x_wconf 63' lang='lat' dir='ltr'>praesensitdolos,</span> <span class='ocrx_word' id='word_1_173' title='bbox 890 2229 922 2288; x_wconf 90' lang='lat' dir='ltr'>id</span> <span class='ocrx_word' id='word_1_174' title='bbox 933 2240 989 2305; x_wconf 82' lang='lat' dir='ltr'>est,</span> <span class='ocrx_word' id='word_1_175' title='bbox 998 2226 1157 2288; x_wconf 85' lang='lat' dir='ltr'>occultam</span> <span class='ocrx_word' id='word_1_176' title='bbox 1166 2226 1254 2287; x_wconf 89' lang='lat' dir='ltr'>illam</span> 
     </span>
     <span class='ocr_line' id='line_1_23' title="bbox 201 2317 1254 2400; baseline 0.002 -25"><span class='ocrx_word' id='word_1_177' title='bbox 201 2319 370 2398; x_wconf 87' lang='lat' dir='ltr'>navigandi</span> <span class='ocrx_word' id='word_1_178' title='bbox 382 2321 550 2395; x_wconf 87' lang='lat' dir='ltr'>rationem,</span> <span class='ocrx_word' id='word_1_179' title='bbox 569 2319 784 2400; x_wconf 76' lang='lat' dir='ltr'>quam&#39;AEneas</span> <span class='ocrx_word' id='word_1_180' title='bbox 797 2317 987 2380; x_wconf 80' lang='lat' dir='ltr'>adstruebat.</span> <span class='ocrx_word' id='word_1_181' title='bbox 1004 2320 1131 2400; x_wconf 80' lang='lat' dir='ltr'>Excepit</span> <span class='ocrx_word' id='word_1_182' title='bbox 1143 2330 1254 2388; x_wconf 62' lang='lat' dir='ltr'>matun</span> 
     </span>
     <span class='ocr_line' id='line_1_24' title="bbox 201 2405 1254 2488; baseline -0.002 -24"><span class='ocrx_word' id='word_1_183' title='bbox 201 2425 276 2464; x_wconf 87' lang='lat' dir='ltr'>nam</span> <span class='ocrx_word' id='word_1_184' title='bbox 288 2409 339 2465; x_wconf 87' lang='lat' dir='ltr'>vix</span> <span class='ocrx_word' id='word_1_185' title='bbox 350 2427 382 2466; x_wconf 86' lang='lat' dir='ltr'>se</span> <span class='ocrx_word' id='word_1_186' title='bbox 393 2421 643 2482; x_wconf 81' lang='lat' dir='ltr'>commoverant3</span> <span class='ocrx_word' id='word_1_187' title='bbox 655 2427 754 2488; x_wconf 86' lang='lat' dir='ltr'>quum</span> <span class='ocrx_word' id='word_1_188' title='bbox 765 2408 894 2468; x_wconf 90' lang='lat' dir='ltr'>intimus</span> <span class='ocrx_word' id='word_1_189' title='bbox 904 2425 1010 2466; x_wconf 87' lang='lat' dir='ltr'>sensus</span> <span class='ocrx_word' id='word_1_190' title='bbox 1020 2405 1215 2488; x_wconf 83' lang='lat' dir='ltr'>penetravit3</span> <span class='ocrx_word' id='word_1_191' title='bbox 1225 2417 1254 2462; x_wconf 89' lang='lat' dir='ltr'>et</span> 
     </span>
     <span class='ocr_line' id='line_1_25' title="bbox 203 2493 530 2554; baseline 0.012 -4"><span class='ocrx_word' id='word_1_192' title='bbox 203 2507 343 2552; x_wconf 85' lang='lat' dir='ltr'>assecuta</span> <span class='ocrx_word' id='word_1_193' title='bbox 355 2507 403 2552; x_wconf 88' lang='lat' dir='ltr'>est</span> <span class='ocrx_word' id='word_1_194' title='bbox 413 2493 530 2554; x_wconf 80' lang='lat' dir='ltr'>lutura.</span> 
     </span>
    </p>

    <p class='ocr_par' dir='ltr' id='par_1_6' title="bbox 199 2583 1254 3194">
     <span class='ocr_line' id='line_1_26' title="bbox 242 2583 1253 2666; baseline -0.001 -26"><span class='ocrx_word' id='word_1_195' title='bbox 242 2583 309 2660; x_wconf 82' lang='lat'><strong>298.</strong></span> <span class='ocrx_word' id='word_1_196' title='bbox 323 2583 446 2664; x_wconf 84' lang='lat' dir='ltr'>Duplex</span> <span class='ocrx_word' id='word_1_197' title='bbox 459 2605 550 2646; x_wconf 90' lang='lat' dir='ltr'>causa</span> <span class='ocrx_word' id='word_1_198' title='bbox 562 2583 952 2666; x_wconf 79' lang='lat' dir='ltr'>cognitioniscelerrimae3</span> <span class='ocrx_word' id='word_1_199' title='bbox 971 2605 1034 2643; x_wconf 87' lang='lat' dir='ltr'>una</span> <span class='ocrx_word' id='word_1_200' title='bbox 1049 2584 1191 2656; x_wconf 84' lang='lat' dir='ltr'>interna,</span> <span class='ocrx_word' id='word_1_201' title='bbox 1206 2601 1253 2639; x_wconf 87' lang='lat' dir='ltr'>cx-</span> 
     </span>
     <span class='ocr_line' id='line_1_27' title="bbox 204 2673 1254 2753; baseline -0.002 -23"><span class='ocrx_word' id='word_1_202' title='bbox 204 2684 293 2730; x_wconf 88' lang='lat' dir='ltr'>terua</span> <span class='ocrx_word' id='word_1_203' title='bbox 307 2673 402 2732; x_wconf 88' lang='lat' dir='ltr'>altera</span> <span class='ocrx_word' id='word_1_204' title='bbox 415 2697 422 2730; x_wconf 90' lang='lat'>:</span> <span class='ocrx_word' id='word_1_205' title='bbox 435 2675 575 2748; x_wconf 81' lang='lat' dir='ltr'>interna3</span> <span class='ocrx_word' id='word_1_206' title='bbox 588 2675 689 2734; x_wconf 84' lang='lat' dir='ltr'>omnia</span> <span class='ocrx_word' id='word_1_207' title='bbox 701 2687 764 2734; x_wconf 75' lang='lat' dir='ltr'>otta</span> <span class='ocrx_word' id='word_1_208' title='bbox 778 2676 881 2734; x_wconf 72' lang='lat' dir='ltr'>omens</span> <span class='ocrx_word' id='word_1_209' title='bbox 889 2697 901 2747; x_wconf 91' lang='lat'>,·</span> <span class='ocrx_word' id='word_1_210' title='bbox 912 2693 987 2732; x_wconf 85' lang='lat' dir='ltr'>uam</span> <span class='ocrx_word' id='word_1_211' title='bbox 999 2689 1070 2753; x_wconf 86' lang='lat' dir='ltr'>quae</span> <span class='ocrx_word' id='word_1_212' title='bbox 1081 2681 1152 2730; x_wconf 88' lang='lat' dir='ltr'>tuta</span> <span class='ocrx_word' id='word_1_213' title='bbox 1167 2683 1254 2741; x_wconf 88' lang='lat' dir='ltr'>sunt,</span> 
     </span>
     <span class='ocr_line' id='line_1_28' title="bbox 204 2759 1252 2844; baseline -0.005 -26"><span class='ocrx_word' id='word_1_214' title='bbox 204 2761 352 2840; x_wconf 86' lang='lat' dir='ltr'>timebat,</span> <span class='ocrx_word' id='word_1_215' title='bbox 367 2761 443 2824; x_wconf 89' lang='lat' dir='ltr'>inde</span> <span class='ocrx_word' id='word_1_216' title='bbox 455 2765 563 2826; x_wconf 86' lang='lat' dir='ltr'>omnia</span> <span class='ocrx_word' id='word_1_217' title='bbox 577 2761 721 2838; x_wconf 84' lang='lat' dir='ltr'>timebat3</span> <span class='ocrx_word' id='word_1_218' title='bbox 739 2764 813 2844; x_wconf 89' lang='lat' dir='ltr'>quia</span> <span class='ocrx_word' id='word_1_219' title='bbox 826 2759 907 2820; x_wconf 91' lang='lat' dir='ltr'>nihil</span> <span class='ocrx_word' id='word_1_220' title='bbox 922 2781 1030 2820; x_wconf 88' lang='lat' dir='ltr'>amore</span> <span class='ocrx_word' id='word_1_221' title='bbox 1041 2759 1252 2840; x_wconf 85' lang='lat' dir='ltr'>suspicacius:</span> 
     </span>
     <span class='ocr_line' id='line_1_29' title="bbox 201 2844 1254 2936; baseline -0.004 -28"><span class='ocrx_word' id='word_1_222' title='bbox 201 2861 343 2929; x_wconf 87' lang='lat' dir='ltr'>externa,</span> <span class='ocrx_word' id='word_1_223' title='bbox 355 2853 455 2914; x_wconf 83' lang='lat' dir='ltr'>eadem</span> <span class='ocrx_word' id='word_1_224' title='bbox 468 2855 664 2936; x_wconf 72' lang='lat' dir='ltr'>implessem,</span> <span class='ocrx_word' id='word_1_225' title='bbox 686 2867 746 2914; x_wconf 90' lang='lat' dir='ltr'>etc.</span> <span class='ocrx_word' id='word_1_226' title='bbox 763 2867 794 2912; x_wconf 91' lang='lat' dir='ltr'>et</span> <span class='ocrx_word' id='word_1_227' title='bbox 803 2866 881 2912; x_wconf 91' lang='lat' dir='ltr'>nota</span> <span class='ocrx_word' id='word_1_228' title='bbox 890 2864 1100 2912; x_wconf 88' lang='lat' dir='ltr'>consentanee</span> <span class='ocrx_word' id='word_1_229' title='bbox 1114 2847 1204 2929; x_wconf 91' lang='lat' dir='ltr'>loqui</span> <span class='ocrx_word' id='word_1_230' title='bbox 1215 2844 1254 2904; x_wconf 84' lang='lat' dir='ltr'>ad</span> 
     </span>
     <span class='ocr_line' id='line_1_30' title="bbox 200 2938 1253 3024; baseline -0.004 -26"><span class='ocrx_word' id='word_1_231' title='bbox 200 2941 381 3020; x_wconf 81' lang='lat' dir='ltr'>superiora:</span> <span class='ocrx_word' id='word_1_232' title='bbox 396 2945 492 3002; x_wconf 91' lang='lat' dir='ltr'>timor</span> <span class='ocrx_word' id='word_1_233' title='bbox 507 2944 651 3002; x_wconf 83' lang='lat' dir='ltr'>internus</span> <span class='ocrx_word' id='word_1_234' title='bbox 666 2943 796 3024; x_wconf 87' lang='lat' dir='ltr'>respicit</span> <span class='ocrx_word' id='word_1_235' title='bbox 811 2941 1071 3024; x_wconf 86' lang='lat' dir='ltr'>praesensionem,</span> <span class='ocrx_word' id='word_1_236' title='bbox 1091 2957 1164 3018; x_wconf 82' lang='lat' dir='ltr'>quae</span> <span class='ocrx_word' id='word_1_237' title='bbox 1179 2938 1253 2994; x_wconf 90' lang='lat' dir='ltr'>item</span> 
     </span>
     <span class='ocr_line' id='line_1_31' title="bbox 199 3023 1249 3112; baseline -0.004 -28"><span class='ocrx_word' id='word_1_238' title='bbox 199 3028 341 3090; x_wconf 86' lang='lat' dir='ltr'>interna:</span> <span class='ocrx_word' id='word_1_239' title='bbox 364 3027 448 3088; x_wconf 84' lang='lat' dir='ltr'>fama</span> <span class='ocrx_word' id='word_1_240' title='bbox 470 3041 596 3088; x_wconf 86' lang='lat' dir='ltr'>externa</span> <span class='ocrx_word' id='word_1_241' title='bbox 617 3043 723 3090; x_wconf 90' lang='lat' dir='ltr'>motus</span> <span class='ocrx_word' id='word_1_242' title='bbox 745 3045 901 3105; x_wconf 89' lang='lat' dir='ltr'>externos,</span> <span class='ocrx_word' id='word_1_243' title='bbox 923 3025 1039 3112; x_wconf 89' lang='lat' dir='ltr'>quibus</span> <span class='ocrx_word' id='word_1_244' title='bbox 1056 3024 1124 3106; x_wconf 86' lang='lat' dir='ltr'>jam</span> <span class='ocrx_word' id='word_1_245' title='bbox 1143 3023 1249 3084; x_wconf 89' lang='lat' dir='ltr'>classis</span> 
     </span>
     <span class='ocr_line' id='line_1_32' title="bbox 199 3115 379 3194; baseline 0.011 -22"><span class='ocrx_word' id='word_1_246' title='bbox 199 3115 379 3194; x_wconf 83' lang='lat' dir='ltr'>parabatur.</span> 
     </span>
    </p>

    <p class='ocr_par' dir='ltr' id='par_1_7' title="bbox 199 3198 1250 3552">
     <span class='ocr_line' id='line_1_33' title="bbox 239 3198 1249 3282; baseline -0.005 -18"><span class='ocrx_word' id='word_1_247' title='bbox 239 3205 307 3264; x_wconf 82' lang='lat' dir='ltr'>3oo.</span> <span class='ocrx_word' id='word_1_248' title='bbox 322 3200 520 3264; x_wconf 79' lang='lat' dir='ltr'>Adhibentur</span> <span class='ocrx_word' id='word_1_249' title='bbox 532 3202 646 3262; x_wconf 89' lang='lat' dir='ltr'>furoris</span> <span class='ocrx_word' id='word_1_250' title='bbox 659 3211 743 3266; x_wconf 77' lang='lat' dir='ltr'>notae</span> <span class='ocrx_word' id='word_1_251' title='bbox 758 3221 834 3282; x_wconf 83' lang='lat' dir='ltr'>tres3</span> <span class='ocrx_word' id='word_1_252' title='bbox 846 3209 965 3279; x_wconf 70' lang='lat' dir='ltr'>sevitia,</span> <span class='ocrx_word' id='word_1_253' title='bbox 976 3205 1117 3276; x_wconf 84' lang='lat' dir='ltr'>incensio,</span> <span class='ocrx_word' id='word_1_254' title='bbox 1129 3198 1249 3262; x_wconf 79' lang='lat' dir='ltr'>bacche·</span> 
     </span>
     <span class='ocr_line' id='line_1_34' title="bbox 200 3291 1249 3372; baseline -0.005 -22"><span class='ocrx_word' id='word_1_255' title='bbox 200 3295 258 3352; x_wconf 85' lang='lat' dir='ltr'>tio:</span> <span class='ocrx_word' id='word_1_256' title='bbox 278 3293 413 3355; x_wconf 76' lang='lat' dir='ltr'>affectus</span> <span class='ocrx_word' id='word_1_257' title='bbox 426 3293 477 3350; x_wconf 91' lang='lat' dir='ltr'>isti</span> <span class='ocrx_word' id='word_1_258' title='bbox 492 3305 647 3371; x_wconf 77' lang='lat' dir='ltr'>augentur</span> <span class='ocrx_word' id='word_1_259' title='bbox 658 3296 933 3356; x_wconf 88' lang='lat' dir='ltr'>commiseratione</span> <span class='ocrx_word' id='word_1_260' title='bbox 948 3293 1023 3368; x_wconf 86' lang='lat' dir='ltr'>bac,</span> <span class='ocrx_word' id='word_1_261' title='bbox 1040 3294 1126 3372; x_wconf 84' lang='lat' dir='ltr'>inops</span> <span class='ocrx_word' id='word_1_262' title='bbox 1137 3291 1232 3350; x_wconf 83' lang='lat' dir='ltr'>animi</span> <span class='ocrx_word' id='word_1_263' title='bbox 1241 3312 1249 3345; x_wconf 91' lang='lat'><em>:</em></span> 
     </span>
     <span class='ocr_line' id='line_1_35' title="bbox 199 3376 1250 3466; baseline -0.005 -28"><span class='ocrx_word' id='word_1_264' title='bbox 199 3401 233 3438; x_wconf 89' lang='lat' dir='ltr'>ex</span> <span class='ocrx_word' id='word_1_265' title='bbox 250 3383 416 3440; x_wconf 83' lang='lat' dir='ltr'>occasione</span> <span class='ocrx_word' id='word_1_266' title='bbox 432 3390 538 3456; x_wconf 87' lang='lat' dir='ltr'>autem</span> <span class='ocrx_word' id='word_1_267' title='bbox 553 3380 640 3439; x_wconf 85' lang='lat' dir='ltr'>verbi</span> <span class='ocrx_word' id='word_1_268' title='bbox 657 3379 783 3444; x_wconf 82' lang='lat' dir='ltr'>bacchor</span> <span class='ocrx_word' id='word_1_269' title='bbox 801 3383 886 3464; x_wconf 90' lang='lat' dir='ltr'>quod</span> <span class='ocrx_word' id='word_1_270' title='bbox 901 3382 1073 3466; x_wconf 70' lang='lat' dir='ltr'>precessit,</span> <span class='ocrx_word' id='word_1_271' title='bbox 1088 3376 1250 3458; x_wconf 88' lang='lat' dir='ltr'>subjungi-</span> 
     </span>
     <span class='ocr_line' id='line_1_36' title="bbox 201 3468 1250 3552; baseline -0.003 -26"><span class='ocrx_word' id='word_1_272' title='bbox 201 3478 253 3526; x_wconf 89' lang='lat' dir='ltr'>tur</span> <span class='ocrx_word' id='word_1_273' title='bbox 269 3470 464 3550; x_wconf 86' lang='lat' dir='ltr'>comparatio</span> <span class='ocrx_word' id='word_1_274' title='bbox 484 3469 523 3528; x_wconf 87' lang='lat' dir='ltr'>ad</span> <span class='ocrx_word' id='word_1_275' title='bbox 540 3469 760 3552; x_wconf 79' lang='lat' dir='ltr'>explicandum</span> <span class='ocrx_word' id='word_1_276' title='bbox 777 3472 920 3534; x_wconf 79' lang='lat' dir='ltr'>furorem</span> <span class='ocrx_word' id='word_1_277' title='bbox 937 3473 1081 3552; x_wconf 74' lang='lat' dir='ltr'>Reginae:</span> <span class='ocrx_word' id='word_1_278' title='bbox 1102 3469 1148 3526; x_wconf 89' lang='lat' dir='ltr'>ita</span> <span class='ocrx_word' id='word_1_279' title='bbox 1168 3468 1250 3526; x_wconf 90' lang='lat' dir='ltr'>enim</span> 
     </span>
    </p>
   </div>
   <div class='ocr_carea' id='block_1_4' title="bbox 195 3643 1249 4196">
    <p class='ocr_par' dir='ltr' id='par_1_8' title="bbox 195 3643 1249 4196">
     <span class='ocr_line' id='line_1_37' title="bbox 234 3643 1247 3718; baseline -0.004 -21"><span class='ocrx_word' id='word_1_280' title='bbox 234 3643 295 3710; x_wconf 79' lang='lat'><strong>298.</strong></span> <span class='ocrx_word' id='word_1_281' title='bbox 318 3643 416 3694; x_wconf 75' lang='lat' dir='ltr'>Omnia</span> <span class='ocrx_word' id='word_1_282' title='bbox 435 3656 491 3698; x_wconf 72' lang='lat' dir='ltr'>arta</span> <span class='ocrx_word' id='word_1_283' title='bbox 512 3649 611 3702; x_wconf 82' lang='lat' dir='ltr'>timens.</span> <span class='ocrx_word' id='word_1_284' title='bbox 637 3651 699 3702; x_wconf 87' lang='lat' dir='ltr'>Non</span> <span class='ocrx_word' id='word_1_285' title='bbox 744 3648 838 3718; x_wconf 71' lang='lat' dir='ltr'>Cicepo</span> <span class='ocrx_word' id='word_1_286' title='bbox 855 3649 1044 3700; x_wconf 86' lang='lat' dir='ltr'>inMiloniana</span> <span class='ocrx_word' id='word_1_287' title='bbox 1059 3664 1083 3696; x_wconf 89' lang='lat' dir='ltr'>c.</span> <span class='ocrx_word' id='word_1_288' title='bbox 1105 3643 1146 3695; x_wconf 82' lang='lat'>16.</span> <span class='ocrx_word' id='word_1_289' title='bbox 1163 3643 1247 3693; x_wconf 78' lang='lat' dir='ltr'>emm·</span> 
     </span>
     <span class='ocr_line' id='line_1_38' title="bbox 196 3717 1247 3800; baseline 0.009 -28"><span class='ocrx_word' id='word_1_290' title='bbox 196 3733 300 3774; x_wconf 84' lang='lat' dir='ltr'>tautum</span> <span class='ocrx_word' id='word_1_291' title='bbox 308 3723 345 3772; x_wconf 88' lang='lat' dir='ltr'>ita</span> <span class='ocrx_word' id='word_1_292' title='bbox 353 3723 486 3794; x_wconf 83' lang='lat' dir='ltr'>ingenium</span> <span class='ocrx_word' id='word_1_293' title='bbox 495 3741 534 3779; x_wconf 88' lang='lat' dir='ltr'>est</span> <span class='ocrx_word' id='word_1_294' title='bbox 542 3731 697 3796; x_wconf 84' lang='lat' dir='ltr'>amantium,</span> <span class='ocrx_word' id='word_1_295' title='bbox 742 3757 778 3770; x_wconf 58' lang='grc' dir='ltr'>υ-</span> <span class='ocrx_word' id='word_1_296' title='bbox 799 3729 900 3782; x_wconf 82' lang='lat' dir='ltr'>Eadem</span> <span class='ocrx_word' id='word_1_297' title='bbox 920 3728 1008 3800; x_wconf 82' lang='lat' dir='ltr'>fama.</span> <span class='ocrx_word' id='word_1_298' title='bbox 1028 3725 1095 3792; x_wconf 79' lang='lat' dir='ltr'>Quae</span> <span class='ocrx_word' id='word_1_299' title='bbox 1119 3736 1146 3772; x_wconf 85' lang='lat' dir='ltr'>et</span> <span class='ocrx_word' id='word_1_300' title='bbox 1167 3717 1247 3771; x_wconf 62' lang='lat' dir='ltr'>1arba</span> 
     </span>
     <span class='ocr_line' id='line_1_39' title="bbox 196 3799 1249 3881; baseline -0.001 -30"><span class='ocrx_word' id='word_1_301' title='bbox 196 3815 242 3865; x_wconf 86' lang='lat' dir='ltr'>ut,</span> <span class='ocrx_word' id='word_1_302' title='bbox 255 3819 313 3870; x_wconf 74' lang='lat' dir='ltr'>qua</span> <span class='ocrx_word' id='word_1_303' title='bbox 326 3802 439 3858; x_wconf 85' lang='lat' dir='ltr'>obscure</span> <span class='ocrx_word' id='word_1_304' title='bbox 453 3810 565 3880; x_wconf 79' lang='lat' dir='ltr'>cogitari</span> <span class='ocrx_word' id='word_1_305' title='bbox 576 3813 696 3881; x_wconf 82' lang='lat' dir='ltr'>possint,</span> <span class='ocrx_word' id='word_1_306' title='bbox 741 3811 929 3862; x_wconf 81' lang='lat' dir='ltr'>nuntiaverat:</span> <span class='ocrx_word' id='word_1_307' title='bbox 944 3820 970 3860; x_wconf 86' lang='lat' dir='ltr'>st</span> <span class='ocrx_word' id='word_1_308' title='bbox 986 3805 1047 3858; x_wconf 84' lang='lat' dir='ltr'>ideo</span> <span class='ocrx_word' id='word_1_309' title='bbox 1065 3801 1167 3872; x_wconf 82' lang='lat' dir='ltr'>impia,</span> <span class='ocrx_word' id='word_1_310' title='bbox 1187 3799 1249 3870; x_wconf 87' lang='lat' dir='ltr'>quia</span> 
     </span>
     <span class='ocr_line' id='line_1_40' title="bbox 196 3879 1247 3958; baseline 0.004 -26"><span class='ocrx_word' id='word_1_311' title='bbox 196 3879 412 3951; x_wconf 85' lang='lat' dir='ltr'>perhorrescant,</span> <span class='ocrx_word' id='word_1_312' title='bbox 420 3884 467 3935; x_wconf 90' lang='lat' dir='ltr'>sed</span> <span class='ocrx_word' id='word_1_313' title='bbox 475 3900 501 3937; x_wconf 88' lang='lat' dir='ltr'>et</span> <span class='ocrx_word' id='word_1_314' title='bbox 509 3892 627 3940; x_wconf 87' lang='lat' dir='ltr'>onmium</span> <span class='ocrx_word' id='word_1_315' title='bbox 636 3908 697 3942; x_wconf 84' lang='lat' dir='ltr'>can·</span> <span class='ocrx_word' id='word_1_316' title='bbox 740 3905 839 3958; x_wconf 84' lang='lat' dir='ltr'>supra,</span> <span class='ocrx_word' id='word_1_317' title='bbox 852 3909 863 3932; x_wconf 72' lang='lat' dir='ltr'><strong><em>a</em></strong></span> <span class='ocrx_word' id='word_1_318' title='bbox 873 3887 956 3940; x_wconf 77' lang='lat' dir='ltr'>Fama</span> <span class='ocrx_word' id='word_1_319' title='bbox 967 3883 1074 3937; x_wconf 81' lang='lat' dir='ltr'>malum·</span> <span class='ocrx_word' id='word_1_320' title='bbox 1086 3903 1097 3926; x_wconf 80' lang='lat'>¹·</span> <span class='ocrx_word' id='word_1_321' title='bbox 1107 3880 1247 3930; x_wconf 70' lang='lat' dir='ltr'>-Fureu-</span> 
     </span>
     <span class='ocr_line' id='line_1_41' title="bbox 196 3959 1246 4037; baseline -0.002 -26"><span class='ocrx_word' id='word_1_322' title='bbox 196 3960 349 4012; x_wconf 86' lang='lat' dir='ltr'>didatorum</span> <span class='ocrx_word' id='word_1_323' title='bbox 365 3961 418 4014; x_wconf 91' lang='lat' dir='ltr'>hoc</span> <span class='ocrx_word' id='word_1_324' title='bbox 435 3968 590 4037; x_wconf 80' lang='lat' dir='ltr'>proprium,</span> <span class='ocrx_word' id='word_1_325' title='bbox 608 3983 638 4019; x_wconf 90' lang='lat' dir='ltr'>ut</span> <span class='ocrx_word' id='word_1_326' title='bbox 652 3988 695 4020; x_wconf 91' lang='lat' dir='ltr'>ru·</span> <span class='ocrx_word' id='word_1_327' title='bbox 740 3967 768 4018; x_wconf 78' lang='lat' dir='ltr'>ti.</span> <span class='ocrx_word' id='word_1_328' title='bbox 784 3968 838 4019; x_wconf 80' lang='lat' dir='ltr'>Aut</span> <span class='ocrx_word' id='word_1_329' title='bbox 850 3967 966 4028; x_wconf 89' lang='lat' dir='ltr'>amanti;</span> <span class='ocrx_word' id='word_1_330' title='bbox 979 3975 1026 4016; x_wconf 87' lang='lat' dir='ltr'>aut</span> <span class='ocrx_word' id='word_1_331' title='bbox 1039 3959 1151 4024; x_wconf 88' lang='lat' dir='ltr'>detulit,</span> <span class='ocrx_word' id='word_1_332' title='bbox 1164 3971 1195 4010; x_wconf 90' lang='lat' dir='ltr'>ut</span> <span class='ocrx_word' id='word_1_333' title='bbox 1205 3959 1246 4010; x_wconf 80' lang='lat' dir='ltr'>fa-</span> 
     </span>
     <span class='ocr_line' id='line_1_42' title="bbox 195 4037 1041 4111; baseline 0.007 -21"><span class='ocrx_word' id='word_1_334' title='bbox 195 4058 313 4105; x_wconf 87' lang='lat' dir='ltr'>morem,</span> <span class='ocrx_word' id='word_1_335' title='bbox 331 4037 452 4094; x_wconf 86' lang='lat' dir='ltr'>fabulam</span> <span class='ocrx_word' id='word_1_336' title='bbox 469 4043 575 4111; x_wconf 84' lang='lat' dir='ltr'>fictam,</span> <span class='ocrx_word' id='word_1_337' title='bbox 598 4047 695 4098; x_wconf 85' lang='lat' dir='ltr'>falsam</span> <span class='ocrx_word' id='word_1_338' title='bbox 739 4043 1041 4098; x_wconf 58' lang='lat' dir='ltr'>csrstfurentefflerv.</span> 
     </span>
     <span class='ocr_line' id='line_1_43' title="bbox 195 4117 1245 4196; baseline 0.004 -25"><span class='ocrx_word' id='word_1_339' title='bbox 195 4133 329 4188; x_wconf 82' lang='lat' dir='ltr'>metuant,</span> <span class='ocrx_word' id='word_1_340' title='bbox 342 4119 484 4193; x_wconf 87' lang='lat' dir='ltr'>dequibus</span> <span class='ocrx_word' id='word_1_341' title='bbox 496 4127 694 4179; x_wconf 80' lang='lat' dir='ltr'>accuratissime</span> <span class='ocrx_word' id='word_1_342' title='bbox 734 4157 740 4165; x_wconf 88' lang='lat'>-</span> <span class='ocrx_word' id='word_1_343' title='bbox 774 4126 835 4179; x_wconf 70' lang='lat'><strong>303.</strong></span> <span class='ocrx_word' id='word_1_344' title='bbox 849 4127 1057 4196; x_wconf 79' lang='lat' dir='ltr'>Noctumusque.</span> <span class='ocrx_word' id='word_1_345' title='bbox 1072 4120 1161 4172; x_wconf 76' lang='lat' dir='ltr'>Nocte</span> <span class='ocrx_word' id='word_1_346' title='bbox 1175 4117 1245 4172; x_wconf 78' lang='lat' dir='ltr'>cele·</span> 
     </span>
    </p>
   </div>
   <div class='ocr_carea' id='block_1_5' title="bbox 0 0 1342 4596">
    <p class='ocr_par' dir='ltr' id='par_1_9' title="bbox 0 0 1342 4596">
     <span class='ocr_line' id='line_1_44' title="bbox 0 0 1342 4596; baseline 0 0"><span class='ocrx_word' id='word_1_347' title='bbox 0 0 1342 4596; x_wconf 95' lang='lat' dir='ltr'> </span> 
     </span>
    </p>
   </div>
  </div>
 </body>
</html>
