2670 4596
318 292 370 355 IN
394 291 627 358 AENEIDOS
650 294 744 358 Llss.
768 297 793 358 l.
1035 325 1069 366 11

4 439 5 442 ¹
38 416 79 477 lua
92 430 181 478 ortus
194 437 214 475 a
225 414 369 494 Trojanie
381 412 529 474 latissime
541 415 719 496 imperaret,
734 415 817 476 bello
832 433 912 478 esset
922 421 1072 503 superbus

40 506 250 578 amouimus,
265 515 359 581 atque
374 501 406 560 id
418 503 452 562 in
466 503 635 584 perniciem
647 505 767 585 Libye,
783 525 820 568 en
834 508 954 587 primus
969 512 1074 571 stimu-

39 591 94 666 lus,
106 594 250 674 sequitur
262 589 349 650 alter.

73 683 118 742 23.
132 681 298 742 Metuebat
310 681 395 738 luno
405 679 585 758 superiora,
607 679 720 740 deinde
734 682 970 761 stimulabatur,
990 703 1075 769 post·

41 790 126 850 quam
136 769 345 830 occurrebant
354 768 517 848 praeterita
526 767 734 846 Trojanorum
745 791 834 851 opes,
846 771 959 852 quihus
969 789 1076 836 eontra

40 858 155 920 Graecos
167 868 400 940 pugnaverann
413 857 445 916 in
459 876 521 936 quo
536 855 619 916 bello
631 855 685 918 illa
698 860 868 940 principem
880 883 1007 944 operam
1017 885 1075 946 pro

40 947 146 1007 Graecis
160 960 346 1008 navaverat:
360 965 434 1004 nam
447 943 497 1004 hic
508 947 605 1025 prima
615 947 760 1027 princeps
774 964 837 1008 est:
852 972 948 1031 quum
963 955 1007 1012 ait
1019 975 1076 1013 me·

40 1046 127 1107 tuens,
149 1036 221 1094 vide
241 1031 368 1094 laudem
389 1034 536 1094 tacitam:
561 1035 674 1092 metuit
695 1036 812 1116 quippe
832 1038 897 1098 Dea
917 1038 1075 1116 homines;

39 1123 119 1184 luno
132 1122 300 1184 Romanos.
913 1177 915 1183 ,

76 1214 124 1273 25.
143 1215 268 1274 Restant
283 1211 404 1293 reliqua
419 1224 556 1292 quatuor
571 1227 771 1292 argumenta,
789 1213 881 1275 ducta
897 1236 933 1275 ex
948 1221 1075 1298 propria

4 1355 9 1366 ,
38 1299 1076 1388 lunonitipsintpersona,quibusomninoindicatnrffineaacnlpa

39 1391 122 1448 omni
133 1411 250 1452 vacare.
263 1392 341 1452 Sunt
350 1389 404 1449 illa
409 1387 557 1474 judicium
566 1389 696 1462 Paridis,
709 1405 771 1472 quo
782 1393 887 1452 Venus
897 1395 929 1451 in
941 1393 1079 1474 pulchri-

39 1475 144 1538 tudine
153 1481 274 1540 lunoni
283 1477 438 1539 etPalladi
446 1478 574 1560 praelata
581 1491 639 1538 est:
652 1479 726 1538 inde
736 1499 819 1560 aegea
828 1481 943 1540 irarum
956 1483 989 1540 in
999 1495 1079 1542 utra·

40 1585 95 1644 que
106 1566 186 1642 Dea,
207 1587 286 1648 quae
300 1581 404 1626 tamen
419 1564 574 1626 efficacius
587 1567 714 1626 retinuit
725 1569 742 1626 J
746 1589 818 1627 uno.
838 1569 958 1628 Deinde
970 1567 1078 1652 injuria

38 1655 264 1736 sptetcsamroe,
278 1668 323 1714 eat
336 1653 403 1714 haec
413 1653 547 1716 secunda
560 1652 708 1714 dolorum
721 1675 813 1714 eausa
826 1673 833 1714 t
847 1655 898 1714 sed
910 1677 978 1737 quae
988 1658 1078 1716 tertia

39 1741 142 1802 causa?
163 1747 208 1804 Et
218 1766 309 1826 oenus
322 1745 456 1804 invitum.
479 1744 604 1802 Dictum
618 1741 678 1802 boo
695 1753 825 1824 propter
841 1744 1039 1818 Dardanum,
1059 1769 1077 1806 a

39 1847 94 1906 quo
108 1829 256 1909 Trojaui,
273 1829 375 1890 lilium
389 1831 476 1891 dotia
492 1850 528 1890 ex
541 1829 660 1890 Electra
676 1829 803 1911 pellice,
818 1832 903 1892 unde
915 1835 1077 1916 consequi·
1111 1896 1113 1906 ¹

38 1927 84 1975 tur
97 1917 252 1999 Trojanna
264 1940 371 1980 omnes
384 1920 501 1992 invisoa
516 1939 580 1980 esse
595 1921 730 1980 lunoni:
744 1918 860 1982 habent
873 1923 957 1982 enim
969 1939 1079 1982 nover-

37 2023 77 2063 cae
91 2007 125 2063 in
140 2027 267 2066 summo
281 2007 354 2066 odio
371 2007 452 2068 filios
466 2019 556 2068 natos
574 2028 610 2066 ex
627 2006 745 2088 pellice.
763 2010 907 2068 Extrema
923 2001 1032 2085 cauta,
1052 2023 1081 2069 et

37 2097 107 2174 rapti
121 2095 303 2176 Garrymedt'a
316 2094 446 2156 bonores.
466 2098 551 2156 Trita
567 2111 613 2156 est
628 2095 743 2156 fabula.
764 2097 821 2157 Sed
833 2119 888 2158 cur
901 2101 985 2158 luno
996 2117 1077 2180 pun-

36 2181 184 2260 gebatur?
195 2187 269 2264 quia
281 2186 313 2243 in
328 2184 450 2245 honore
462 2183 662 2244 ministrandi
674 2187 746 2244 lovi
758 2185 902 2266 praelatus
915 2200 959 2246 eet
972 2187 1078 2267 Gany·

35 2270 137 2332 medea
150 2273 262 2348 Hebae,
275 2291 344 2355 qute
356 2275 422 2334 erat
433 2276 567 2334 Junonie
579 2273 658 2347 lilia3
671 2294 773 2354 neque
786 2287 956 2355 utcumque
966 2275 1077 2356 pralo-

34 2371 95 2433 tus;
109 2362 176 2422 imo
190 2375 294 2422 amota
309 2362 377 2437 illa,
390 2361 442 2422 ille
455 2363 650 2422 substitutus.
988 2437 989 2443 ἵ

73 2469 121 2528 ²9·
140 2451 186 2510 Ex
201 2449 448 2531 praecedentibus
463 2453 654 2532 argumentis
667 2450 838 2526 concludit,
861 2469 925 2534 quo
936 2451 1011 2512 odio
1023 2453 1079 2513 ad·

36 2555 159 2596 versum
171 2539 322 2618 Trojanos
335 2541 418 2598 Juno
430 2539 583 2619 flagraret.
596 2541 767 2600 Constituit
776 2541 871 2600 etiam
880 2554 972 2604 notae
982 2541 1076 2622 hujus

37 2622 98 2682 odii
106 2639 302 2705 pareatantae
310 2625 531 2707 indignationi,
543 2626 688 2689 videlicet
699 2627 864 2703 aiortnna,
876 2645 971 2710 quam
980 2631 1077 2710 passi3

36 2729 107 2769 nam
124 2712 342 2791 jactabantur,
365 2715 561 2790 arcebantur,
584 2713 752 2775 errabant:
773 2736 793 2773 a
813 2715 883 2774 loco
905 2716 961 2774 ubi
982 2717 1077 2794 passi,

36 2818 106 2858 nam
118 2799 321 2882 jactabantur
332 2816 400 2864 toto
414 2825 554 2888 aequore,
576 2797 765 2864 arcebantur
778 2824 795 2861 a
807 2805 913 2878 Latio,
933 2799 1078 2862 errabant

36 2975 134 3026 φρασιις
146 2959 221 3032 quod
232 2962 340 3016 minime
352 2977 482 3034 parcant,
498 2965 537 3016 ai·
581 2975 675 3016 contra
690 2964 821 3032 Trojanos
837 2964 965 3034 pugnavit
980 2977 986 3014 t
1004 2960 1076 3017 unde

34 3051 79 3089 cut
89 3038 167 3092 lucus
178 3060 194 3092 a
204 3059 259 3092 uon
270 3041 398 3108 lacendo,
408 3044 509 3095 bellum
519 3063 536 3094 a
580 3041 661 3094 modo
675 3042 765 3093 Prima
781 3043 904 3113 princeps
920 3041 1077 3112 accipienda

36 3117 109 3170 nulla
120 3139 150 3173 re
162 3119 243 3174 bella.
254 3121 371 3174 Nomina
382 3124 534 3188 Parcarum,
579 3137 632 3188 eat,
644 3123 686 3174 val
699 3124 768 3176 inter
779 3124 893 3194 primot,
904 3122 946 3174 tel
957 3123 1029 3174 olim.

34 3196 145 3263 Clotho,
156 3199 298 3267 Lachetis,
308 3202 433 3274 Atropos.
443 3204 514 3256 Serv.
615 3203 656 3256 26.
667 3203 731 3256 Atta
742 3214 835 3256 nana.
846 3201 969 3266 Secreta,
982 3217 1075 3252 renou-

70 3277 533 3336 23.1ameaoeas.trchatsm0ssa·
578 3281 642 3337 dita.
658 3311 694 3324 —
711 3284 856 3354 Rwostum.
878 3280 1001 3352 syncopa
1020 3291 1075 3330 eata

33 3377 89 3410 ne:
110 3358 145 3411 de
159 3362 345 3418 fututor-enirn
365 3363 456 3414 Timor
475 3375 533 3425 est,
577 3379 658 3414 unam
670 3363 740 3415 enim
753 3362 787 3414 de
797 3360 888 3414 medio
899 3358 1076 3430 attrabuntu-

32 3437 151 3504 Odium,
166 3440 201 3492 de
219 3441 358 3512 preteritis
374 3463 380 3493 t
398 3443 534 3496 metuebat
577 3441 616 3494 lit.
627 3441 678 3496 Sed
691 3461 773 3512 quum
783 3457 874 3492 omnes
885 3452 1019 3492 sermones
1030 3453 1076 3492 aut

32 3537 99 3590 ergo
107 3517 480 3592 Carthaginuotliumautem
487 3522 534 3574 ba·
578 3522 674 3592 integri
686 3525 754 3586 sint,
771 3533 816 3572 aut
831 3517 927 3590 pathas
943 3519 1076 3573 habeant:

28 3597 115 3652 bebat
125 3613 237 3672 propter
244 3619 337 3656 causas
346 3614 498 3673 sequentes:
508 3615 535 3654 et
578 3599 623 3665 hi,
634 3601 680 3670 qui
692 3599 788 3670 pathos
797 3598 910 3665 habent,
923 3600 962 3651 ita
971 3613 1001 3652 ut
1012 3600 1075 3654 lecti

30 3691 71 3730 est
91 3678 127 3732 de
145 3691 262 3750 utroque
280 3681 445 3752 exemplum,
464 3683 535 3736 inira
579 3678 1076 3751 tunt,debentponi,quodetiamlda·

28 3759 105 3820 361;
129 3781 141 3804 ι
155 3758 344 3826 Conveniunt,
367 3762 464 3832 quibua
488 3772 534 3812 aut
578 3760 700 3822 refacit,
717 3775 780 3812 nam
797 3761 919 3831 Repertus
936 3769 962 3810 et
976 3759 1076 3832 porqite
1154 3768 1158 3780 “

28 3839 126 3892 odium
137 3838 247 3892 crudele
258 3841 377 3912 tyranni,
390 3853 532 3894 autmarus
578 3839 611 3892 de
618 3841 704 3890 Ennio
714 3839 860 3901 transtulit,
871 3840 979 3910 integris
987 3851 1076 3890 autem

28 3937 95 3972 acer
105 3931 176 3971 erat.
187 3941 198 3967 a
209 3920 280 3972 Serv.
577 3932 604 3972 et
615 3921 680 3990 ipeis
692 3922 806 3988 utimur,
819 3933 845 3974 et
854 3939 946 3974 eorum
955 3917 1075 3990 exemplo
1180 3973 1182 3978 ,

4 3991 5 4060 J
61 3999 532 4072 24.Primo.dtqnilierculesprior
577 3998 643 4054 aliis.
656 4001 726 4055 Serv.
