<?xml version="1.0" encoding="UTF-8"?>
<!DOCTYPE html PUBLIC "-//W3C//DTD XHTML 1.0 Transitional//EN"
    "http://www.w3.org/TR/xhtml1/DTD/xhtml1-transitional.dtd">
<html xmlns="http://www.w3.org/1999/xhtml" xml:lang="en" lang="en">
 <head>
  <title>
</title>
<meta http-equiv="Content-Type" content="text/html;charset=utf-8" />
  <meta name='ocr-system' content='tesseract 3.04.00' />
  <meta name='ocr-capabilities' content='ocr_page ocr_carea ocr_par ocr_line ocrx_word'/>
</head>
<body>
  <div class='ocr_page' id='page_1' title='image "./pvirgiliusmaroq02barbgoog_0145.png"; bbox 0 0 2700 4586; ppageno 0'>
   <div class='ocr_carea' id='block_1_1' title="bbox 339 333 1110 436">
    <p class='ocr_par' dir='ltr' id='par_1_1' title="bbox 339 333 1110 436">
     <span class='ocr_line' id='line_1_1' title="bbox 339 333 1110 436; baseline 0.004 -38"><span class='ocrx_word' id='word_1_1' title='bbox 339 336 394 398; x_wconf 87' lang='lat' dir='ltr'><strong>IN</strong></span> <span class='ocrx_word' id='word_1_2' title='bbox 417 333 652 400; x_wconf 86' lang='lat' dir='ltr'><strong>AENElDOS</strong></span> <span class='ocrx_word' id='word_1_3' title='bbox 675 336 768 400; x_wconf 88' lang='lat' dir='ltr'><strong>LIB.</strong></span> <span class='ocrx_word' id='word_1_4' title='bbox 792 338 841 400; x_wconf 93' lang='lat' dir='ltr'><strong>Il.</strong></span> <span class='ocrx_word' id='word_1_5' title='bbox 1067 369 1110 436; x_wconf 84' lang='lat'><strong>99</strong></span> 
     </span>
    </p>
   </div>
   <div class='ocr_carea' id='block_1_2' title="bbox 59 453 1116 900">
    <p class='ocr_par' dir='ltr' id='par_1_2' title="bbox 59 453 1116 900">
     <span class='ocr_line' id='line_1_2' title="bbox 64 453 1113 543; baseline 0.009 -24"><span class='ocrx_word' id='word_1_6' title='bbox 64 461 136 520; x_wconf 77' lang='lat' dir='ltr'><strong>nino</strong></span> <span class='ocrx_word' id='word_1_7' title='bbox 151 469 215 518; x_wconf 84' lang='lat' dir='ltr'><strong>arte</strong></span> <span class='ocrx_word' id='word_1_8' title='bbox 230 453 382 517; x_wconf 78' lang='lat' dir='ltr'><strong>Palladit:</strong></span> <span class='ocrx_word' id='word_1_9' title='bbox 404 475 475 530; x_wconf 89' lang='lat' dir='ltr'><strong>cur,</strong></span> <span class='ocrx_word' id='word_1_10' title='bbox 495 453 653 516; x_wconf 77' lang='lat' dir='ltr'><strong>labentibus</strong></span> <span class='ocrx_word' id='word_1_11' title='bbox 667 459 827 518; x_wconf 73' lang='lat' dir='ltr'><strong>tolonnis?</strong></span> <span class='ocrx_word' id='word_1_12' title='bbox 845 460 920 540; x_wconf 89' lang='lat' dir='ltr'><strong>quia</strong></span> <span class='ocrx_word' id='word_1_13' title='bbox 929 461 1023 543; x_wconf 82' lang='lat' dir='ltr'><strong>fracti</strong></span> <span class='ocrx_word' id='word_1_14' title='bbox 1039 464 1113 529; x_wconf 82' lang='lat' dir='ltr'><strong>bello</strong></span> 
     </span>
     <span class='ocr_line' id='line_1_3' title="bbox 69 542 1113 632; baseline 0.009 -26"><span class='ocrx_word' id='word_1_15' title='bbox 69 545 178 629; x_wconf 75' lang='lat' dir='ltr'><strong>longo:</strong></span> <span class='ocrx_word' id='word_1_16' title='bbox 195 567 268 622; x_wconf 88' lang='lat' dir='ltr'><strong>cur,</strong></span> <span class='ocrx_word' id='word_1_17' title='bbox 286 545 388 606; x_wconf 83' lang='lat' dir='ltr'><strong>divina</strong></span> <span class='ocrx_word' id='word_1_18' title='bbox 400 557 461 605; x_wconf 84' lang='lat' dir='ltr'><strong>arte</strong></span> <span class='ocrx_word' id='word_1_19' title='bbox 473 542 622 604; x_wconf 81' lang='lat' dir='ltr'><strong>Palladis?</strong></span> <span class='ocrx_word' id='word_1_20' title='bbox 640 546 794 628; x_wconf 83' lang='lat' dir='ltr'><strong>quiafatis</strong></span> <span class='ocrx_word' id='word_1_21' title='bbox 804 545 928 629; x_wconf 75' lang='lat' dir='ltr'><strong>repulsi:</strong></span> <span class='ocrx_word' id='word_1_22' title='bbox 945 555 1034 632; x_wconf 88' lang='lat' dir='ltr'><strong>quasi</strong></span> <span class='ocrx_word' id='word_1_23' title='bbox 1045 555 1113 614; x_wconf 86' lang='lat' dir='ltr'><strong>vel-</strong></span> 
     </span>
     <span class='ocr_line' id='line_1_4' title="bbox 66 632 1114 720; baseline 0.01 -24"><span class='ocrx_word' id='word_1_24' title='bbox 66 635 136 698; x_wconf 91' lang='lat' dir='ltr'><strong>lent</strong></span> <span class='ocrx_word' id='word_1_25' title='bbox 147 657 231 696; x_wconf 86' lang='lat' dir='ltr'><strong>nova</strong></span> <span class='ocrx_word' id='word_1_26' title='bbox 245 635 304 696; x_wconf 88' lang='lat' dir='ltr'><strong>sibi</strong></span> <span class='ocrx_word' id='word_1_27' title='bbox 319 634 384 695; x_wconf 84' lang='lat' dir='ltr'><strong>fata</strong></span> <span class='ocrx_word' id='word_1_28' title='bbox 397 632 530 695; x_wconf 88' lang='lat' dir='ltr'><strong>condere</strong></span> <span class='ocrx_word' id='word_1_29' title='bbox 545 655 605 715; x_wconf 92' lang='lat' dir='ltr'><strong>ope</strong></span> <span class='ocrx_word' id='word_1_30' title='bbox 618 633 763 695; x_wconf 83' lang='lat' dir='ltr'><strong>Palladis.</strong></span> <span class='ocrx_word' id='word_1_31' title='bbox 778 636 887 718; x_wconf 90' lang='lat' dir='ltr'><strong>ltaque</strong></span> <span class='ocrx_word' id='word_1_32' title='bbox 901 636 968 700; x_wconf 87' lang='lat' dir='ltr'><strong>haec</strong></span> <span class='ocrx_word' id='word_1_33' title='bbox 979 639 1057 720; x_wconf 92' lang='lat' dir='ltr'><strong>duo,</strong></span> <span class='ocrx_word' id='word_1_34' title='bbox 1073 632 1114 706; x_wconf 76' lang='lat' dir='ltr'><strong>tot</strong></span> 
     </span>
     <span class='ocr_line' id='line_1_5' title="bbox 59 721 1114 808; baseline 0.009 -25"><span class='ocrx_word' id='word_1_35' title='bbox 59 722 129 807; x_wconf 82' lang='lat' dir='ltr'><strong>jam</strong></span> <span class='ocrx_word' id='word_1_36' title='bbox 151 723 315 784; x_wconf 73' lang='lat' dir='ltr'><strong>lobmnbrn</strong></span> <span class='ocrx_word' id='word_1_37' title='bbox 334 725 421 783; x_wconf 87' lang='lat' dir='ltr'><strong>annis</strong></span> <span class='ocrx_word' id='word_1_38' title='bbox 439 735 467 783; x_wconf 81' lang='lat' dir='ltr'><strong>et</strong></span> <span class='ocrx_word' id='word_1_39' title='bbox 486 721 587 782; x_wconf 79' lang='lat' dir='ltr'><strong>divina</strong></span> <span class='ocrx_word' id='word_1_40' title='bbox 606 736 667 782; x_wconf 82' lang='lat' dir='ltr'><strong>arte</strong></span> <span class='ocrx_word' id='word_1_41' title='bbox 686 722 818 784; x_wconf 82' lang='lat' dir='ltr'><strong>Palladis</strong></span> <span class='ocrx_word' id='word_1_42' title='bbox 838 727 1030 808; x_wconf 88' lang='lat' dir='ltr'><strong>respondent</strong></span> <span class='ocrx_word' id='word_1_43' title='bbox 1049 731 1114 794; x_wconf 87' lang='lat' dir='ltr'><strong>illis</strong></span> 
     </span>
     <span class='ocr_line' id='line_1_6' title="bbox 60 807 1116 900; baseline 0.009 -28"><span class='ocrx_word' id='word_1_44' title='bbox 60 813 155 894; x_wconf 82' lang='lat' dir='ltr'><strong>fructi</strong></span> <span class='ocrx_word' id='word_1_45' title='bbox 168 810 395 894; x_wconf 79' lang='lat' dir='ltr'><strong>bello,fotisque</strong></span> <span class='ocrx_word' id='word_1_46' title='bbox 405 807 519 890; x_wconf 83' lang='lat' dir='ltr'><strong>repulsi.</strong></span> <span class='ocrx_word' id='word_1_47' title='bbox 533 811 647 889; x_wconf 80' lang='lat' dir='ltr'><strong>Perg03</strong></span> <span class='ocrx_word' id='word_1_48' title='bbox 663 808 754 870; x_wconf 88' lang='lat' dir='ltr'><strong>docet</strong></span> <span class='ocrx_word' id='word_1_49' title='bbox 767 812 840 893; x_wconf 89' lang='lat' dir='ltr'><strong>equi</strong></span> <span class='ocrx_word' id='word_1_50' title='bbox 852 811 948 894; x_wconf 87' lang='lat' dir='ltr'><strong>hujus</strong></span> <span class='ocrx_word' id='word_1_51' title='bbox 960 823 1116 900; x_wconf 87' lang='lat' dir='ltr'><strong>magnitu-</strong></span> 
     </span>
    </p>
   </div>
   <div class='ocr_carea' id='block_1_3' title="bbox 68 895 1124 2483">
    <p class='ocr_par' dir='ltr' id='par_1_3' title="bbox 68 895 1124 2483">
     <span class='ocr_line' id='line_1_7' title="bbox 69 895 1115 988; baseline 0.012 -32"><span class='ocrx_word' id='word_1_52' title='bbox 69 895 194 973; x_wconf 85' lang='lat' dir='ltr'><strong>dinem,</strong></span> <span class='ocrx_word' id='word_1_53' title='bbox 205 897 353 957; x_wconf 84' lang='lat' dir='ltr'><strong>videlicet</strong></span> <span class='ocrx_word' id='word_1_54' title='bbox 365 899 456 956; x_wconf 82' lang='lat' dir='ltr'><strong>instar</strong></span> <span class='ocrx_word' id='word_1_55' title='bbox 469 899 593 957; x_wconf 82' lang='lat' dir='ltr'><strong>montis:</strong></span> <span class='ocrx_word' id='word_1_56' title='bbox 609 910 654 972; x_wconf 87' lang='lat' dir='ltr'><strong>et,</strong></span> <span class='ocrx_word' id='word_1_57' title='bbox 667 900 740 977; x_wconf 87' lang='lat' dir='ltr'><strong>quia</strong></span> <span class='ocrx_word' id='word_1_58' title='bbox 752 899 911 979; x_wconf 74' lang='lat' dir='ltr'><strong>edificant,</strong></span> <span class='ocrx_word' id='word_1_59' title='bbox 925 901 996 964; x_wconf 93' lang='lat' dir='ltr'><strong>ideo</strong></span> <span class='ocrx_word' id='word_1_60' title='bbox 1011 911 1115 988; x_wconf 90' lang='lat' dir='ltr'><strong>sequi-</strong></span> 
     </span>
     <span class='ocr_line' id='line_1_8' title="bbox 69 982 1114 1072; baseline 0.012 -28"><span class='ocrx_word' id='word_1_61' title='bbox 69 999 121 1046; x_wconf 84' lang='lat' dir='ltr'><strong>tur</strong></span> <span class='ocrx_word' id='word_1_62' title='bbox 133 999 267 1066; x_wconf 82' lang='lat' dir='ltr'><strong>sectaque</strong></span> <span class='ocrx_word' id='word_1_63' title='bbox 281 987 415 1052; x_wconf 78' lang='lat' dir='ltr'><strong>intexunt</strong></span> <span class='ocrx_word' id='word_1_64' title='bbox 426 982 519 1045; x_wconf 81' lang='lat' dir='ltr'><strong>abiete</strong></span> <span class='ocrx_word' id='word_1_65' title='bbox 531 997 631 1044; x_wconf 84' lang='lat' dir='ltr'><strong>costas.</strong></span> <span class='ocrx_word' id='word_1_66' title='bbox 647 985 748 1044; x_wconf 80' lang='lat' dir='ltr'><strong>sedin</strong></span> <span class='ocrx_word' id='word_1_67' title='bbox 761 1006 825 1067; x_wconf 91' lang='lat' dir='ltr'><strong>quo</strong></span> <span class='ocrx_word' id='word_1_68' title='bbox 838 986 921 1048; x_wconf 86' lang='lat' dir='ltr'><strong>fraus</strong></span> <span class='ocrx_word' id='word_1_69' title='bbox 932 994 1053 1072; x_wconf 77' lang='lat' dir='ltr'><strong>posita?</strong></span> <span class='ocrx_word' id='word_1_70' title='bbox 1064 985 1114 1058; x_wconf 79' lang='lat' dir='ltr'><strong>oo·</strong></span> 
     </span>
     <span class='ocr_line' id='line_1_9' title="bbox 70 1071 1116 1161; baseline 0.007 -26"><span class='ocrx_word' id='word_1_71' title='bbox 70 1086 132 1135; x_wconf 83' lang='lat' dir='ltr'><strong>tum</strong></span> <span class='ocrx_word' id='word_1_72' title='bbox 144 1095 199 1156; x_wconf 81' lang='lat' dir='ltr'><strong>pro</strong></span> <span class='ocrx_word' id='word_1_73' title='bbox 213 1073 305 1136; x_wconf 78' lang='lat' dir='ltr'><strong>reditu</strong></span> <span class='ocrx_word' id='word_1_74' title='bbox 315 1071 475 1134; x_wconf 83' lang='lat' dir='ltr'><strong>simulant:</strong></span> <span class='ocrx_word' id='word_1_75' title='bbox 497 1073 553 1133; x_wconf 91' lang='lat' dir='ltr'><strong>ubi</strong></span> <span class='ocrx_word' id='word_1_76' title='bbox 567 1075 650 1134; x_wconf 89' lang='lat' dir='ltr'><strong>enirn</strong></span> <span class='ocrx_word' id='word_1_77' title='bbox 664 1073 841 1150; x_wconf 86' lang='lat' dir='ltr'><strong>simulatio,</strong></span> <span class='ocrx_word' id='word_1_78' title='bbox 853 1076 907 1136; x_wconf 85' lang='lat' dir='ltr'><strong>¹ihi</strong></span> <span class='ocrx_word' id='word_1_79' title='bbox 922 1079 1018 1142; x_wconf 83' lang='lat' dir='ltr'><strong>fraus.</strong></span> <span class='ocrx_word' id='word_1_80' title='bbox 1038 1085 1116 1161; x_wconf 82' lang='lat' dir='ltr'><strong>Quae</strong></span> 
     </span>
     <span class='ocr_line' id='line_1_10' title="bbox 68 1161 1116 1250; baseline 0.013 -29"><span class='ocrx_word' id='word_1_81' title='bbox 68 1183 144 1223; x_wconf 84' lang='lat' dir='ltr'><strong>vero</strong></span> <span class='ocrx_word' id='word_1_82' title='bbox 156 1163 223 1224; x_wconf 77' lang='lat' dir='ltr'><strong>haec</strong></span> <span class='ocrx_word' id='word_1_83' title='bbox 235 1161 339 1223; x_wconf 78' lang='lat' dir='ltr'><strong>fraus?</strong></span> <span class='ocrx_word' id='word_1_84' title='bbox 354 1163 507 1237; x_wconf 86' lang='lat' dir='ltr'><strong>enormis,</strong></span> <span class='ocrx_word' id='word_1_85' title='bbox 524 1176 555 1222; x_wconf 95' lang='lat' dir='ltr'><strong>et</strong></span> <span class='ocrx_word' id='word_1_86' title='bbox 570 1161 721 1232; x_wconf 80' lang='lat' dir='ltr'><strong>insolens;</strong></span> <span class='ocrx_word' id='word_1_87' title='bbox 741 1184 816 1222; x_wconf 89' lang='lat' dir='ltr'><strong>nam</strong></span> <span class='ocrx_word' id='word_1_88' title='bbox 830 1178 927 1226; x_wconf 84' lang='lat' dir='ltr'><strong>votum</strong></span> <span class='ocrx_word' id='word_1_89' title='bbox 937 1189 991 1250; x_wconf 83' lang='lat' dir='ltr'><strong>pro</strong></span> <span class='ocrx_word' id='word_1_90' title='bbox 1005 1171 1116 1234; x_wconf 81' lang='lat' dir='ltr'><strong>reditu:</strong></span> 
     </span>
     <span class='ocr_line' id='line_1_11' title="bbox 70 1249 1118 1338; baseline 0.01 -28"><span class='ocrx_word' id='word_1_91' title='bbox 70 1253 175 1333; x_wconf 87' lang='lat' dir='ltr'><strong>specie</strong></span> <span class='ocrx_word' id='word_1_92' title='bbox 195 1253 323 1332; x_wconf 90' lang='lat' dir='ltr'><strong>quippe&#39;</strong></span> <span class='ocrx_word' id='word_1_93' title='bbox 336 1249 496 1330; x_wconf 78' lang='lat' dir='ltr'><strong>religionis</strong></span> <span class='ocrx_word' id='word_1_94' title='bbox 515 1250 705 1332; x_wconf 84' lang='lat' dir='ltr'><strong>deceperunt</strong></span> <span class='ocrx_word' id='word_1_95' title='bbox 722 1252 884 1331; x_wconf 86' lang='lat' dir='ltr'><strong>Trojanos.</strong></span> <span class='ocrx_word' id='word_1_96' title='bbox 903 1255 1063 1338; x_wconf 83' lang='lat' dir='ltr'><strong>Sequitur,</strong></span> <span class='ocrx_word' id='word_1_97' title='bbox 1082 1283 1118 1321; x_wconf 82' lang='lat' dir='ltr'><strong>eo</strong></span> 
     </span>
     <span class='ocr_line' id='line_1_12' title="bbox 68 1339 1119 1420; baseline 0.01 -22"><span class='ocrx_word' id='word_1_98' title='bbox 68 1340 154 1416; x_wconf 79' lang='lat' dir='ltr'><strong>foma</strong></span> <span class='ocrx_word' id='word_1_99' title='bbox 162 1353 304 1420; x_wconf 74' lang='lat' dir='ltr'><strong>vogatur:</strong></span> <span class='ocrx_word' id='word_1_100' title='bbox 317 1359 392 1398; x_wconf 89' lang='lat' dir='ltr'><strong>nam</strong></span> <span class='ocrx_word' id='word_1_101' title='bbox 402 1339 546 1400; x_wconf 88' lang='lat' dir='ltr'><strong>ductores</strong></span> <span class='ocrx_word' id='word_1_102' title='bbox 557 1359 698 1420; x_wconf 82' lang='lat' dir='ltr'>sparsere</span> <span class='ocrx_word' id='word_1_103' title='bbox 711 1341 743 1398; x_wconf 93' lang='lat' dir='ltr'><strong>in</strong></span> <span class='ocrx_word' id='word_1_104' title='bbox 755 1339 883 1420; x_wconf 84' lang='lat' dir='ltr'><strong>vulgus,</strong></span> <span class='ocrx_word' id='word_1_105' title='bbox 897 1339 976 1402; x_wconf 93' lang='lat' dir='ltr'><strong>illud</strong></span> <span class='ocrx_word' id='word_1_106' title='bbox 987 1365 1054 1406; x_wconf 88' lang='lat' dir='ltr'><strong>esse</strong></span> <span class='ocrx_word' id='word_1_107' title='bbox 1066 1369 1119 1409; x_wconf 86' lang='lat' dir='ltr'><strong>vo·</strong></span> 
     </span>
     <span class='ocr_line' id='line_1_13' title="bbox 69 1426 1118 1510; baseline 0.009 -22"><span class='ocrx_word' id='word_1_108' title='bbox 69 1442 154 1503; x_wconf 85' lang='lat' dir='ltr'><strong>tum,</strong></span> <span class='ocrx_word' id='word_1_109' title='bbox 177 1449 242 1510; x_wconf 92' lang='lat' dir='ltr'><strong>quo</strong></span> <span class='ocrx_word' id='word_1_110' title='bbox 263 1428 384 1488; x_wconf 89' lang='lat' dir='ltr'><strong>scilicet</strong></span> <span class='ocrx_word' id='word_1_111' title='bbox 402 1427 492 1508; x_wconf 82' lang='lat' dir='ltr'><strong>plebs</strong></span> <span class='ocrx_word' id='word_1_112' title='bbox 512 1427 658 1488; x_wconf 87' lang='lat' dir='ltr'><strong>militaris</strong></span> <span class='ocrx_word' id='word_1_113' title='bbox 677 1426 806 1509; x_wconf 86' lang='lat' dir='ltr'><strong>decepta</strong></span> <span class='ocrx_word' id='word_1_114' title='bbox 826 1443 920 1507; x_wconf 85' lang='lat' dir='ltr'><strong>esset,</strong></span> <span class='ocrx_word' id='word_1_115' title='bbox 942 1447 973 1492; x_wconf 89' lang='lat' dir='ltr'><strong>et</strong></span> <span class='ocrx_word' id='word_1_116' title='bbox 987 1437 1118 1498; x_wconf 90' lang='lat' dir='ltr'><strong>consilia</strong></span> 
     </span>
     <span class='ocr_line' id='line_1_14' title="bbox 69 1513 1119 1606; baseline 0.008 -30"><span class='ocrx_word' id='word_1_117' title='bbox 69 1513 147 1576; x_wconf 88' lang='lat' dir='ltr'><strong>belli</strong></span> <span class='ocrx_word' id='word_1_118' title='bbox 160 1519 293 1577; x_wconf 90' lang='lat' dir='ltr'><strong>omuino</strong></span> <span class='ocrx_word' id='word_1_119' title='bbox 304 1515 447 1578; x_wconf 90' lang='lat' dir='ltr'><strong>laterent.</strong></span> <span class='ocrx_word' id='word_1_120' title='bbox 461 1519 551 1577; x_wconf 87' lang='lat' dir='ltr'><strong>Circa</strong></span> <span class='ocrx_word' id='word_1_121' title='bbox 566 1536 712 1576; x_wconf 88' lang='lat' dir='ltr'><strong>numeros</strong></span> <span class='ocrx_word' id='word_1_122' title='bbox 724 1516 788 1576; x_wconf 91' lang='lat' dir='ltr'><strong>duo</strong></span> <span class='ocrx_word' id='word_1_123' title='bbox 801 1531 895 1578; x_wconf 87' lang='lat' dir='ltr'><strong>nota:</strong></span> <span class='ocrx_word' id='word_1_124' title='bbox 912 1519 944 1576; x_wconf 93' lang='lat' dir='ltr'><strong>in</strong></span> <span class='ocrx_word' id='word_1_125' title='bbox 959 1519 1021 1581; x_wconf 89' lang='lat' dir='ltr'><strong>illis</strong></span> <span class='ocrx_word' id='word_1_126' title='bbox 1025 1525 1119 1606; x_wconf 85' lang='lat' dir='ltr'><strong>fracti</strong></span> 
     </span>
     <span class='ocr_line' id='line_1_15' title="bbox 72 1601 1119 1687; baseline 0.01 -23"><span class='ocrx_word' id='word_1_127' title='bbox 72 1601 162 1678; x_wconf 77' lang='lat' dir='ltr'><strong>bello,</strong></span> <span class='ocrx_word' id='word_1_128' title='bbox 180 1605 322 1687; x_wconf 80' lang='lat' dir='ltr'><strong>fatisque,</strong></span> <span class='ocrx_word' id='word_1_129' title='bbox 344 1603 476 1664; x_wconf 88' lang='lat' dir='ltr'><strong>observa</strong></span> <span class='ocrx_word' id='word_1_130' title='bbox 490 1607 675 1685; x_wconf 87' lang='lat' dir='ltr'><strong>gravitatem</strong></span> <span class='ocrx_word' id='word_1_131' title='bbox 685 1606 863 1687; x_wconf 88' lang='lat' dir='ltr'><strong>incipientis</strong></span> <span class='ocrx_word' id='word_1_132' title='bbox 878 1611 1067 1672; x_wconf 77' lang='lat' dir='ltr'><strong>narrationis</strong></span> <span class='ocrx_word' id='word_1_133' title='bbox 1081 1601 1119 1674; x_wconf 81' lang='lat' dir='ltr'><strong>ex</strong></span> 
     </span>
     <span class='ocr_line' id='line_1_16' title="bbox 71 1693 1119 1775; baseline 0.011 -23"><span class='ocrx_word' id='word_1_134' title='bbox 71 1713 160 1754; x_wconf 89' lang='lat' dir='ltr'><strong>mora</strong></span> <span class='ocrx_word' id='word_1_135' title='bbox 171 1693 411 1775; x_wconf 86' lang='lat' dir='ltr'><strong>spondaeorum,</strong></span> <span class='ocrx_word' id='word_1_136' title='bbox 423 1695 477 1775; x_wconf 91' lang='lat' dir='ltr'><strong>qui</strong></span> <span class='ocrx_word' id='word_1_137' title='bbox 490 1693 630 1754; x_wconf 84' lang='lat' dir='ltr'><strong>studiose</strong></span> <span class='ocrx_word' id='word_1_138' title='bbox 641 1695 762 1775; x_wconf 87' lang='lat' dir='ltr'><strong>quaesiti</strong></span> <span class='ocrx_word' id='word_1_139' title='bbox 773 1717 779 1754; x_wconf 80' lang='lat' dir='ltr'><strong><em>z</em></strong></span> <span class='ocrx_word' id='word_1_140' title='bbox 792 1694 926 1754; x_wconf 86' lang='lat' dir='ltr'><strong>alterum</strong></span> <span class='ocrx_word' id='word_1_141' title='bbox 936 1699 968 1756; x_wconf 93' lang='lat' dir='ltr'><strong>in</strong></span> <span class='ocrx_word' id='word_1_142' title='bbox 979 1717 1119 1764; x_wconf 86' lang='lat' dir='ltr'><strong>extremo</strong></span> 
     </span>
     <span class='ocr_line' id='line_1_17' title="bbox 69 1780 1119 1868; baseline 0.011 -27"><span class='ocrx_word' id='word_1_143' title='bbox 69 1801 178 1858; x_wconf 85' lang='lat' dir='ltr'><strong>versu,</strong></span> <span class='ocrx_word' id='word_1_144' title='bbox 196 1785 251 1865; x_wconf 93' lang='lat' dir='ltr'><strong>qui</strong></span> <span class='ocrx_word' id='word_1_145' title='bbox 264 1796 350 1843; x_wconf 91' lang='lat' dir='ltr'><strong>totus</strong></span> <span class='ocrx_word' id='word_1_146' title='bbox 365 1780 526 1862; x_wconf 78' lang='lat' dir='ltr'><strong>dactylicis</strong></span> <span class='ocrx_word' id='word_1_147' title='bbox 540 1783 687 1844; x_wconf 86' lang='lat' dir='ltr'><strong>convolat</strong></span> <span class='ocrx_word' id='word_1_148' title='bbox 705 1784 744 1844; x_wconf 91' lang='lat' dir='ltr'><strong>ad</strong></span> <span class='ocrx_word' id='word_1_149' title='bbox 756 1782 941 1865; x_wconf 79' lang='lat' dir='ltr'><strong>signandam</strong></span> <span class='ocrx_word' id='word_1_150' title='bbox 953 1795 1119 1868; x_wconf 84' lang='lat' dir='ltr'><strong>vagantem</strong></span> 
     </span>
     <span class='ocr_line' id='line_1_18' title="bbox 70 1864 1121 1961; baseline 0.011 -31"><span class='ocrx_word' id='word_1_151' title='bbox 70 1880 314 1955; x_wconf 78' lang='lat' dir='ltr'><strong>currentemque</strong></span> <span class='ocrx_word' id='word_1_152' title='bbox 332 1893 389 1954; x_wconf 92' lang='lat' dir='ltr'><strong>per</strong></span> <span class='ocrx_word' id='word_1_153' title='bbox 406 1887 516 1934; x_wconf 83' lang='lat' dir='ltr'><strong>omnes</strong></span> <span class='ocrx_word' id='word_1_154' title='bbox 534 1872 652 1933; x_wconf 84' lang='lat' dir='ltr'><strong>famam</strong></span> <span class='ocrx_word' id='word_1_155' title='bbox 664 1864 678 1932; x_wconf 48' lang='grc' dir='ltr'><strong>ι’</strong></span> <span class='ocrx_word' id='word_1_156' title='bbox 692 1873 771 1934; x_wconf 90' lang='lat' dir='ltr'><strong>adeo</strong></span> <span class='ocrx_word' id='word_1_157' title='bbox 791 1875 825 1932; x_wconf 91' lang='lat' dir='ltr'><strong>in</strong></span> <span class='ocrx_word' id='word_1_158' title='bbox 843 1874 991 1938; x_wconf 88' lang='lat' dir='ltr'><strong>omnibus</strong></span> <span class='ocrx_word' id='word_1_159' title='bbox 1011 1881 1121 1961; x_wconf 87' lang='lat' dir='ltr'><strong>vigilat</strong></span> 
     </span>
     <span class='ocr_line' id='line_1_19' title="bbox 71 1955 1097 2036; baseline 0.007 -18"><span class='ocrx_word' id='word_1_160' title='bbox 71 1955 127 2018; x_wconf 87' lang='lat' dir='ltr'><strong>hie</strong></span> <span class='ocrx_word' id='word_1_161' title='bbox 140 1961 251 2020; x_wconf 81' lang='lat' dir='ltr'><strong>vatesl&#39;</strong></span> <span class='ocrx_word' id='word_1_162' title='bbox 1094 2029 1097 2036; x_wconf 23' lang='lat' dir='ltr'><strong>f</strong></span> 
     </span>
     <span class='ocr_line' id='line_1_20' title="bbox 114 2046 1122 2114; baseline 0.009 -8"><span class='ocrx_word' id='word_1_163' title='bbox 114 2047 162 2106; x_wconf 88' lang='lat'><strong>18.</strong></span> <span class='ocrx_word' id='word_1_164' title='bbox 173 2047 350 2108; x_wconf 85' lang='lat' dir='ltr'><strong>Fortissimi</strong></span> <span class='ocrx_word' id='word_1_165' title='bbox 362 2049 545 2108; x_wconf 74' lang='lat' dir='ltr'><strong>Graecorum</strong></span> <span class='ocrx_word' id='word_1_166' title='bbox 555 2046 618 2110; x_wconf 90' lang='lat' dir='ltr'><strong>huc</strong></span> <span class='ocrx_word' id='word_1_167' title='bbox 628 2049 741 2109; x_wconf 90' lang='lat' dir='ltr'><strong>inclusi</strong></span> <span class='ocrx_word' id='word_1_168' title='bbox 752 2062 843 2108; x_wconf 90' lang='lat' dir='ltr'><strong>sunt:</strong></span> <span class='ocrx_word' id='word_1_169' title='bbox 857 2069 931 2108; x_wconf 88' lang='lat' dir='ltr'><strong>nam</strong></span> <span class='ocrx_word' id='word_1_170' title='bbox 940 2047 1050 2112; x_wconf 80' lang='lat' dir='ltr'><strong>delecta</strong></span> <span class='ocrx_word' id='word_1_171' title='bbox 1059 2075 1122 2114; x_wconf 65' lang='lat' dir='ltr'><strong>con</strong></span> 
     </span>
     <span class='ocr_line' id='line_1_21' title="bbox 70 2135 1123 2213; baseline 0.01 -21"><span class='ocrx_word' id='word_1_172' title='bbox 70 2153 145 2213; x_wconf 85' lang='lat' dir='ltr'><strong>pora</strong></span> <span class='ocrx_word' id='word_1_173' title='bbox 159 2136 256 2196; x_wconf 86' lang='lat' dir='ltr'><strong>virum</strong></span> <span class='ocrx_word' id='word_1_174' title='bbox 269 2149 344 2196; x_wconf 83' lang='lat' dir='ltr'><strong>sunt</strong></span> <span class='ocrx_word' id='word_1_175' title='bbox 356 2135 471 2196; x_wconf 87' lang='lat' dir='ltr'><strong>delecti</strong></span> <span class='ocrx_word' id='word_1_176' title='bbox 488 2138 562 2211; x_wconf 80' lang='lat' dir='ltr'><strong>viri3</strong></span> <span class='ocrx_word' id='word_1_177' title='bbox 582 2139 643 2197; x_wconf 89' lang='lat' dir='ltr'><strong>nisi</strong></span> <span class='ocrx_word' id='word_1_178' title='bbox 656 2138 756 2197; x_wconf 85' lang='lat' dir='ltr'><strong>mavis</strong></span> <span class='ocrx_word' id='word_1_179' title='bbox 769 2135 862 2196; x_wconf 89' lang='lat' dir='ltr'><strong>duces</strong></span> <span class='ocrx_word' id='word_1_180' title='bbox 875 2135 1011 2198; x_wconf 89' lang='lat' dir='ltr'><strong>delectos</strong></span> <span class='ocrx_word' id='word_1_181' title='bbox 1026 2139 1123 2204; x_wconf 84' lang='lat' dir='ltr'><strong>fuisse</strong></span> 
     </span>
     <span class='ocr_line' id='line_1_22' title="bbox 72 2223 1123 2306; baseline 0.01 -26"><span class='ocrx_word' id='word_1_182' title='bbox 72 2241 245 2304; x_wconf 90' lang='lat' dir='ltr'><strong>corporum</strong></span> <span class='ocrx_word' id='word_1_183' title='bbox 258 2226 446 2304; x_wconf 85' lang='lat' dir='ltr'><strong>proceritate</strong></span> <span class='ocrx_word' id='word_1_184' title='bbox 458 2225 611 2305; x_wconf 82' lang='lat' dir='ltr'><strong>insignes,</strong></span> <span class='ocrx_word' id='word_1_185' title='bbox 633 2227 666 2284; x_wconf 92' lang='lat' dir='ltr'><strong>in</strong></span> <span class='ocrx_word' id='word_1_186' title='bbox 679 2225 807 2305; x_wconf 87' lang='lat' dir='ltr'><strong>quibus,</strong></span> <span class='ocrx_word' id='word_1_187' title='bbox 827 2238 861 2284; x_wconf 90' lang='lat' dir='ltr'><strong>ut</strong></span> <span class='ocrx_word' id='word_1_188' title='bbox 873 2223 1060 2306; x_wconf 87' lang='lat' dir='ltr'><strong>plurimum,</strong></span> <span class='ocrx_word' id='word_1_189' title='bbox 1076 2243 1123 2290; x_wconf 88' lang='lat' dir='ltr'><strong>est</strong></span> 
     </span>
     <span class='ocr_line' id='line_1_23' title="bbox 72 2310 1122 2394; baseline 0.009 -26"><span class='ocrx_word' id='word_1_190' title='bbox 72 2310 175 2369; x_wconf 79' lang='lat' dir='ltr'><strong>virtus</strong></span> <span class='ocrx_word' id='word_1_191' title='bbox 186 2312 295 2371; x_wconf 80' lang='lat' dir='ltr'><strong>animi·</strong></span> <span class='ocrx_word' id='word_1_192' title='bbox 304 2310 362 2372; x_wconf 90' lang='lat' dir='ltr'><strong>Sed</strong></span> <span class='ocrx_word' id='word_1_193' title='bbox 373 2311 534 2394; x_wconf 90' lang='lat' dir='ltr'><strong>quomodo</strong></span> <span class='ocrx_word' id='word_1_194' title='bbox 544 2311 646 2374; x_wconf 81' lang='lat' dir='ltr'><strong>delecti</strong></span> <span class='ocrx_word' id='word_1_195' title='bbox 656 2315 725 2387; x_wconf 79' lang='lat' dir='ltr'><strong>viri,</strong></span> <span class='ocrx_word' id='word_1_196' title='bbox 740 2315 765 2372; x_wconf 88' lang='lat' dir='ltr'><strong>si</strong></span> <span class='ocrx_word' id='word_1_197' title='bbox 777 2332 832 2393; x_wconf 91' lang='lat' dir='ltr'><strong>per</strong></span> <span class='ocrx_word' id='word_1_198' title='bbox 841 2311 957 2372; x_wconf 84' lang='lat' dir='ltr'><strong>sortes?</strong></span> <span class='ocrx_word' id='word_1_199' title='bbox 968 2315 1023 2374; x_wconf 88' lang='lat' dir='ltr'><strong>ubi</strong></span> <span class='ocrx_word' id='word_1_200' title='bbox 1038 2319 1122 2376; x_wconf 89' lang='lat' dir='ltr'><strong>enim</strong></span> 
     </span>
     <span class='ocr_line' id='line_1_24' title="bbox 73 2397 1124 2483; baseline 0.008 -27"><span class='ocrx_word' id='word_1_201' title='bbox 73 2410 120 2456; x_wconf 88' lang='lat' dir='ltr'><strong>est</strong></span> <span class='ocrx_word' id='word_1_202' title='bbox 133 2418 217 2473; x_wconf 89' lang='lat' dir='ltr'><strong>sors,</strong></span> <span class='ocrx_word' id='word_1_203' title='bbox 231 2398 319 2459; x_wconf 87' lang='lat' dir='ltr'><strong>abest</strong></span> <span class='ocrx_word' id='word_1_204' title='bbox 333 2397 488 2460; x_wconf 90' lang='lat' dir='ltr'><strong>delectio:</strong></span> <span class='ocrx_word' id='word_1_205' title='bbox 502 2399 642 2482; x_wconf 79' lang='lat' dir='ltr'><strong>intellige</strong></span> <span class='ocrx_word' id='word_1_206' title='bbox 657 2413 729 2483; x_wconf 88' lang='lat' dir='ltr'><strong>post</strong></span> <span class='ocrx_word' id='word_1_207' title='bbox 743 2400 911 2475; x_wconf 89' lang='lat' dir='ltr'><strong>delectum,</strong></span> <span class='ocrx_word' id='word_1_208' title='bbox 930 2397 1046 2462; x_wconf 84' lang='lat' dir='ltr'><strong>factam</strong></span> <span class='ocrx_word' id='word_1_209' title='bbox 1060 2425 1124 2464; x_wconf 90' lang='lat' dir='ltr'><strong>sor·</strong></span> 
     </span>
    </p>
   </div>
   <div class='ocr_carea' id='block_1_4' title="bbox 70 2529 580 3559">
    <p class='ocr_par' dir='ltr' id='par_1_4' title="bbox 70 2529 580 3559">
     <span class='ocr_line' id='line_1_25' title="bbox 70 2529 578 2606; baseline 0.004 -24"><span class='ocrx_word' id='word_1_210' title='bbox 70 2531 99 2582; x_wconf 88' lang='lat' dir='ltr'><strong>in</strong></span> <span class='ocrx_word' id='word_1_211' title='bbox 109 2529 231 2582; x_wconf 85' lang='lat' dir='ltr'><strong>historiis</strong></span> <span class='ocrx_word' id='word_1_212' title='bbox 241 2529 356 2595; x_wconf 82' lang='lat' dir='ltr'><strong>dictum3</strong></span> <span class='ocrx_word' id='word_1_213' title='bbox 369 2546 399 2584; x_wconf 85' lang='lat' dir='ltr'><strong>ut</strong></span> <span class='ocrx_word' id='word_1_214' title='bbox 413 2535 484 2586; x_wconf 89' lang='lat' dir='ltr'><strong>enim</strong></span> <span class='ocrx_word' id='word_1_215' title='bbox 498 2531 578 2606; x_wconf 58' lang='lat' dir='ltr'><strong>Hygi*</strong></span> 
     </span>
     <span class='ocr_line' id='line_1_26' title="bbox 72 2612 577 2678; baseline 0.002 -15"><span class='ocrx_word' id='word_1_216' title='bbox 72 2630 123 2665; x_wconf 89' lang='lat' dir='ltr'><strong>nus</strong></span> <span class='ocrx_word' id='word_1_217' title='bbox 150 2625 176 2664; x_wconf 90' lang='lat' dir='ltr'><strong>et</strong></span> <span class='ocrx_word' id='word_1_218' title='bbox 193 2612 301 2664; x_wconf 82' lang='lat' dir='ltr'><strong>Tubero</strong></span> <span class='ocrx_word' id='word_1_219' title='bbox 326 2615 415 2678; x_wconf 67' lang='lat' dir='ltr'><strong>sinuit</strong></span> <span class='ocrx_word' id='word_1_220' title='bbox 438 2614 577 2666; x_wconf 84' lang='lat' dir='ltr'><strong>machina·</strong></span> 
     </span>
     <span class='ocr_line' id='line_1_27' title="bbox 72 2691 579 2765; baseline 0.004 -23"><span class='ocrx_word' id='word_1_221' title='bbox 72 2705 194 2744; x_wconf 88' lang='lat' dir='ltr'><strong>mentum</strong></span> <span class='ocrx_word' id='word_1_222' title='bbox 204 2691 330 2744; x_wconf 86' lang='lat' dir='ltr'><strong>bellicum</strong></span> <span class='ocrx_word' id='word_1_223' title='bbox 340 2694 405 2758; x_wconf 81' lang='lat' dir='ltr'><strong>fuit,</strong></span> <span class='ocrx_word' id='word_1_224' title='bbox 417 2692 490 2764; x_wconf 92' lang='lat' dir='ltr'><strong>quod</strong></span> <span class='ocrx_word' id='word_1_225' title='bbox 499 2711 579 2765; x_wconf 82' lang='lat' dir='ltr'><strong>equus</strong></span> 
     </span>
     <span class='ocr_line' id='line_1_28' title="bbox 73 2771 580 2843; baseline 0 -21"><span class='ocrx_word' id='word_1_226' title='bbox 73 2771 241 2842; x_wconf 87' lang='lat' dir='ltr'><strong>appellatur,</strong></span> <span class='ocrx_word' id='word_1_227' title='bbox 251 2784 281 2822; x_wconf 86' lang='lat' dir='ltr'><strong>ut</strong></span> <span class='ocrx_word' id='word_1_228' title='bbox 288 2773 354 2824; x_wconf 82' lang='lat' dir='ltr'><strong>aries</strong></span> <span class='ocrx_word' id='word_1_229' title='bbox 362 2785 389 2824; x_wconf 86' lang='lat' dir='ltr'><strong>et</strong></span> <span class='ocrx_word' id='word_1_230' title='bbox 399 2772 510 2837; x_wconf 81' lang='lat' dir='ltr'><strong>testudo,</strong></span> <span class='ocrx_word' id='word_1_231' title='bbox 522 2775 580 2843; x_wconf 91' lang='lat' dir='ltr'><strong>qui-</strong></span> 
     </span>
     <span class='ocr_line' id='line_1_29' title="bbox 72 2849 578 2914; baseline -0.002 -13"><span class='ocrx_word' id='word_1_232' title='bbox 72 2849 124 2902; x_wconf 88' lang='lat' dir='ltr'><strong>bus</strong></span> <span class='ocrx_word' id='word_1_233' title='bbox 132 2851 203 2902; x_wconf 88' lang='lat' dir='ltr'><strong>muri</strong></span> <span class='ocrx_word' id='word_1_234' title='bbox 213 2849 321 2914; x_wconf 83' lang='lat' dir='ltr'><strong>discuti,</strong></span> <span class='ocrx_word' id='word_1_235' title='bbox 328 2852 371 2903; x_wconf 85' lang='lat' dir='ltr'><strong>vel</strong></span> <span class='ocrx_word' id='word_1_236' title='bbox 379 2852 472 2906; x_wconf 86' lang='lat' dir='ltr'><strong>subrui</strong></span> <span class='ocrx_word' id='word_1_237' title='bbox 478 2851 578 2902; x_wconf 82' lang='lat' dir='ltr'><strong>solent:</strong></span> 
     </span>
     <span class='ocr_line' id='line_1_30' title="bbox 74 2929 579 2982; baseline 0 -2"><span class='ocrx_word' id='word_1_238' title='bbox 74 2929 147 2981; x_wconf 82' lang='lat' dir='ltr'><strong>unde</strong></span> <span class='ocrx_word' id='word_1_239' title='bbox 158 2942 199 2981; x_wconf 87' lang='lat' dir='ltr'><strong>est</strong></span> <span class='ocrx_word' id='word_1_240' title='bbox 210 2951 216 2980; x_wconf 88' lang='lat'>:</span> <span class='ocrx_word' id='word_1_241' title='bbox 231 2952 243 2976; x_wconf 76' lang='grc' dir='ltr'>ι</span> <span class='ocrx_word' id='word_1_242' title='bbox 253 2930 306 2982; x_wconf 82' lang='lat' dir='ltr'><strong>Aut</strong></span> <span class='ocrx_word' id='word_1_243' title='bbox 315 2929 371 2982; x_wconf 76' lang='lat' dir='ltr'><strong>brec</strong></span> <span class='ocrx_word' id='word_1_244' title='bbox 382 2931 409 2980; x_wconf 90' lang='lat' dir='ltr'><strong>in</strong></span> <span class='ocrx_word' id='word_1_245' title='bbox 420 2942 526 2980; x_wconf 86' lang='lat' dir='ltr'><strong>nostros</strong></span> <span class='ocrx_word' id='word_1_246' title='bbox 536 2930 579 2980; x_wconf 84' lang='lat' dir='ltr'><strong>fa-</strong></span> 
     </span>
     <span class='ocr_line' id='line_1_31' title="bbox 73 3009 579 3062; baseline -0.002 -1"><span class='ocrx_word' id='word_1_247' title='bbox 73 3009 179 3062; x_wconf 83' lang='lat' dir='ltr'><strong>bricata</strong></span> <span class='ocrx_word' id='word_1_248' title='bbox 199 3021 240 3061; x_wconf 90' lang='lat' dir='ltr'><strong>est</strong></span> <span class='ocrx_word' id='word_1_249' title='bbox 258 3009 383 3062; x_wconf 86' lang='lat' dir='ltr'><strong>machina</strong></span> <span class='ocrx_word' id='word_1_250' title='bbox 397 3029 497 3062; x_wconf 89' lang='lat' dir='ltr'><strong>muros.</strong></span> <span class='ocrx_word' id='word_1_251' title='bbox 513 3033 524 3058; x_wconf 76' lang='grc' dir='ltr'>ι</span> <span class='ocrx_word' id='word_1_252' title='bbox 544 3011 579 3062; x_wconf 92' lang='lat' dir='ltr'><strong>Ut</strong></span> 
     </span>
     <span class='ocr_line' id='line_1_32' title="bbox 75 3091 579 3162; baseline 0.002 -21"><span class='ocrx_word' id='word_1_253' title='bbox 75 3091 134 3151; x_wconf 84' lang='lat' dir='ltr'><strong>alii;</strong></span> <span class='ocrx_word' id='word_1_254' title='bbox 145 3101 240 3162; x_wconf 86' lang='lat' dir='ltr'><strong>porta,</strong></span> <span class='ocrx_word' id='word_1_255' title='bbox 252 3108 332 3160; x_wconf 86' lang='lat' dir='ltr'><strong>quarn</strong></span> <span class='ocrx_word' id='word_1_256' title='bbox 342 3093 379 3142; x_wconf 85' lang='lat' dir='ltr'><strong>eis</strong></span> <span class='ocrx_word' id='word_1_257' title='bbox 390 3093 579 3161; x_wconf 80' lang='lat' dir='ltr'><strong>Antenorape·</strong></span> 
     </span>
     <span class='ocr_line' id='line_1_33' title="bbox 75 3169 579 3240; baseline 0 -20"><span class='ocrx_word' id='word_1_258' title='bbox 75 3172 142 3234; x_wconf 90' lang='lat' dir='ltr'><strong>ruit,</strong></span> <span class='ocrx_word' id='word_1_259' title='bbox 155 3188 256 3240; x_wconf 86' lang='lat' dir='ltr'><strong>equum</strong></span> <span class='ocrx_word' id='word_1_260' title='bbox 267 3169 363 3221; x_wconf 86' lang='lat' dir='ltr'><strong>hahuit</strong></span> <span class='ocrx_word' id='word_1_261' title='bbox 376 3171 495 3240; x_wconf 87' lang='lat' dir='ltr'><strong>pictum:</strong></span> <span class='ocrx_word' id='word_1_262' title='bbox 512 3188 579 3220; x_wconf 89' lang='lat' dir='ltr'><strong>non-</strong></span> 
     </span>
     <span class='ocr_line' id='line_1_34' title="bbox 74 3249 580 3320; baseline 0 -20"><span class='ocrx_word' id='word_1_263' title='bbox 74 3249 141 3300; x_wconf 85' lang='lat' dir='ltr'><strong>nulli</strong></span> <span class='ocrx_word' id='word_1_264' title='bbox 151 3251 259 3320; x_wconf 83' lang='lat' dir='ltr'><strong>signum</strong></span> <span class='ocrx_word' id='word_1_265' title='bbox 269 3251 331 3320; x_wconf 88' lang='lat' dir='ltr'><strong>equi</strong></span> <span class='ocrx_word' id='word_1_266' title='bbox 342 3249 449 3314; x_wconf 87' lang='lat' dir='ltr'><strong>datum,</strong></span> <span class='ocrx_word' id='word_1_267' title='bbox 459 3262 489 3301; x_wconf 90' lang='lat' dir='ltr'><strong>nt</strong></span> <span class='ocrx_word' id='word_1_268' title='bbox 499 3251 580 3302; x_wconf 86' lang='lat' dir='ltr'><strong>inter·</strong></span> 
     </span>
     <span class='ocr_line' id='line_1_35' title="bbox 74 3328 577 3395; baseline 0 -15"><span class='ocrx_word' id='word_1_269' title='bbox 74 3341 217 3381; x_wconf 83' lang='lat' dir='ltr'><strong>noscerent</strong></span> <span class='ocrx_word' id='word_1_270' title='bbox 229 3328 316 3380; x_wconf 75' lang='lat' dir='ltr'><strong>Graeci</strong></span> <span class='ocrx_word' id='word_1_271' title='bbox 325 3346 402 3395; x_wconf 83' lang='lat' dir='ltr'><strong>suos,</strong></span> <span class='ocrx_word' id='word_1_272' title='bbox 416 3329 458 3381; x_wconf 81' lang='lat' dir='ltr'><strong>vel</strong></span> <span class='ocrx_word' id='word_1_273' title='bbox 468 3329 577 3382; x_wconf 82' lang='lat' dir='ltr'><strong>hostes..</strong></span> 
     </span>
     <span class='ocr_line' id='line_1_36' title="bbox 75 3407 579 3479; baseline 0.004 -21"><span class='ocrx_word' id='word_1_274' title='bbox 75 3409 98 3458; x_wconf 85' lang='grc' dir='ltr'><strong>Δ</strong></span> <span class='ocrx_word' id='word_1_275' title='bbox 108 3407 273 3479; x_wconf 87' lang='lat' dir='ltr'><strong>quibusdam</strong></span> <span class='ocrx_word' id='word_1_276' title='bbox 283 3407 396 3473; x_wconf 87' lang='lat' dir='ltr'><strong>dicitur,</strong></span> <span class='ocrx_word' id='word_1_277' title='bbox 407 3409 479 3460; x_wconf 83' lang='lat' dir='ltr'><strong>facta</strong></span> <span class='ocrx_word' id='word_1_278' title='bbox 489 3407 579 3478; x_wconf 91' lang='lat' dir='ltr'><strong>prodi·</strong></span> 
     </span>
     <span class='ocr_line' id='line_1_37' title="bbox 76 3487 579 3559; baseline 0.004 -21"><span class='ocrx_word' id='word_1_279' title='bbox 76 3487 427 3559; x_wconf 77' lang='lat' dir='ltr'><strong>tionepraedictum,nequis</strong></span> <span class='ocrx_word' id='word_1_280' title='bbox 436 3488 579 3540; x_wconf 86' lang='lat' dir='ltr'><strong>easdomos</strong></span> 
     </span>
    </p>
   </div>
   <div class='ocr_carea' id='block_1_5' title="bbox 622 2531 1126 3556">
    <p class='ocr_par' dir='ltr' id='par_1_5' title="bbox 622 2531 1125 3000">
     <span class='ocr_line' id='line_1_38' title="bbox 622 2531 1124 2607; baseline 0 -21"><span class='ocrx_word' id='word_1_281' title='bbox 622 2531 1124 2607; x_wconf 72' lang='lat' dir='ltr'><strong>edificantdutreverahocfuit,quod</strong></span> 
     </span>
     <span class='ocr_line' id='line_1_39' title="bbox 622 2611 1125 2686; baseline -0.004 -20"><span class='ocrx_word' id='word_1_282' title='bbox 622 2614 748 2686; x_wconf 85' lang='lat' dir='ltr'><strong>Virgilius</strong></span> <span class='ocrx_word' id='word_1_283' title='bbox 761 2615 894 2683; x_wconf 89' lang='lat' dir='ltr'><strong>sequitur:</strong></span> <span class='ocrx_word' id='word_1_284' title='bbox 907 2611 954 2664; x_wconf 83' lang='lat' dir='ltr'><strong>sed</strong></span> <span class='ocrx_word' id='word_1_285' title='bbox 964 2612 1058 2664; x_wconf 89' lang='lat' dir='ltr'><strong>melius</strong></span> <span class='ocrx_word' id='word_1_286' title='bbox 1069 2632 1125 2664; x_wconf 90' lang='lat' dir='ltr'><strong>ma·</strong></span> 
     </span>
     <span class='ocr_line' id='line_1_40' title="bbox 624 2692 1122 2762; baseline -0.008 -17"><span class='ocrx_word' id='word_1_287' title='bbox 624 2695 785 2746; x_wconf 89' lang='lat' dir='ltr'><strong>chinamenti</strong></span> <span class='ocrx_word' id='word_1_288' title='bbox 793 2708 875 2762; x_wconf 87' lang='lat' dir='ltr'><strong>genus</strong></span> <span class='ocrx_word' id='word_1_289' title='bbox 887 2692 1040 2760; x_wconf 85' lang='lat' dir='ltr'><strong>accipimus.</strong></span> <span class='ocrx_word' id='word_1_290' title='bbox 1052 2693 1122 2744; x_wconf 85' lang='lat' dir='ltr'><strong>Serv.</strong></span> 
     </span>
     <span class='ocr_line' id='line_1_41' title="bbox 624 2770 1125 2840; baseline 0 -18"><span class='ocrx_word' id='word_1_291' title='bbox 624 2802 659 2812; x_wconf 92' lang='lat'><em>-</em></span> <span class='ocrx_word' id='word_1_292' title='bbox 673 2773 712 2822; x_wconf 89' lang='lat' dir='ltr'><strong>De</strong></span> <span class='ocrx_word' id='word_1_293' title='bbox 726 2771 842 2839; x_wconf 77' lang='lat' dir='ltr'><strong>Trojano</strong></span> <span class='ocrx_word' id='word_1_294' title='bbox 857 2787 926 2838; x_wconf 90' lang='lat' dir='ltr'><strong>equo</strong></span> <span class='ocrx_word' id='word_1_295' title='bbox 941 2770 1069 2840; x_wconf 78' lang='lat' dir='ltr'><strong>legendus</strong></span> <span class='ocrx_word' id='word_1_296' title='bbox 1084 2783 1125 2822; x_wconf 83' lang='lat' dir='ltr'><strong>est</strong></span> 
     </span>
     <span class='ocr_line' id='line_1_42' title="bbox 625 2849 1123 2919; baseline -0.004 -17"><span class='ocrx_word' id='word_1_297' title='bbox 625 2851 752 2902; x_wconf 72' lang='lat' dir='ltr'><strong>Brennus</strong></span> <span class='ocrx_word' id='word_1_298' title='bbox 766 2850 825 2914; x_wconf 89' lang='lat'><strong>111,</strong></span> <span class='ocrx_word' id='word_1_299' title='bbox 845 2861 908 2898; x_wconf 88' lang='lat' dir='ltr'><strong>tom.</strong></span> <span class='ocrx_word' id='word_1_300' title='bbox 926 2850 961 2914; x_wconf 90' lang='lat' dir='ltr'><strong>ll,</strong></span> <span class='ocrx_word' id='word_1_301' title='bbox 981 2867 1042 2919; x_wconf 86' lang='lat' dir='ltr'><strong>pag.</strong></span> <span class='ocrx_word' id='word_1_302' title='bbox 1056 2849 1123 2914; x_wconf 82' lang='lat'><strong>322,</strong></span> 
     </span>
     <span class='ocr_line' id='line_1_43' title="bbox 624 2941 716 3000; baseline -0.022 -20"><span class='ocrx_word' id='word_1_303' title='bbox 624 2941 716 3000; x_wconf 83' lang='lat' dir='ltr'><strong>etseq.</strong></span> 
     </span>
    </p>

    <p class='ocr_par' dir='ltr' id='par_1_6' title="bbox 623 3007 1126 3556">
     <span class='ocr_line' id='line_1_44' title="bbox 664 3007 1126 3062; baseline -0.006 -1"><span class='ocrx_word' id='word_1_304' title='bbox 664 3009 704 3061; x_wconf 86' lang='lat'><strong>16.</strong></span> <span class='ocrx_word' id='word_1_305' title='bbox 719 3007 815 3060; x_wconf 78' lang='lat' dir='ltr'><strong>Abiere.</strong></span> <span class='ocrx_word' id='word_1_306' title='bbox 826 3007 866 3058; x_wconf 79' lang='lat' dir='ltr'><strong>An</strong></span> <span class='ocrx_word' id='word_1_307' title='bbox 878 3007 887 3058; x_wconf 85' lang='lat' dir='ltr'><strong>i</strong></span> <span class='ocrx_word' id='word_1_308' title='bbox 900 3007 1017 3062; x_wconf 63' lang='lat' dir='ltr'><strong>inclute</strong></span> <span class='ocrx_word' id='word_1_309' title='bbox 1030 3009 1063 3058; x_wconf 91' lang='lat' dir='ltr'><strong>sit</strong></span> <span class='ocrx_word' id='word_1_310' title='bbox 1078 3024 1126 3058; x_wconf 85' lang='lat' dir='ltr'><strong>vo-</strong></span> 
     </span>
     <span class='ocr_line' id='line_1_45' title="bbox 624 3085 1126 3155; baseline -0.008 -15"><span class='ocrx_word' id='word_1_311' title='bbox 624 3085 705 3155; x_wconf 85' lang='lat' dir='ltr'><strong>calis,</strong></span> <span class='ocrx_word' id='word_1_312' title='bbox 719 3107 754 3140; x_wconf 88' lang='lat' dir='ltr'><strong>an</strong></span> <span class='ocrx_word' id='word_1_313' title='bbox 764 3105 827 3139; x_wconf 84' lang='lat' dir='ltr'><strong>vero</strong></span> <span class='ocrx_word' id='word_1_314' title='bbox 840 3104 1004 3150; x_wconf 83' lang='lat' dir='ltr'><strong>consonans,</strong></span> <span class='ocrx_word' id='word_1_315' title='bbox 1015 3098 1126 3137; x_wconf 87' lang='lat' dir='ltr'><strong>conten-</strong></span> 
     </span>
     <span class='ocr_line' id='line_1_46' title="bbox 624 3166 1125 3234; baseline -0.004 -15"><span class='ocrx_word' id='word_1_316' title='bbox 624 3166 696 3219; x_wconf 89' lang='lat' dir='ltr'><strong>ditur</strong></span> <span class='ocrx_word' id='word_1_317' title='bbox 709 3169 778 3220; x_wconf 87' lang='lat' dir='ltr'><strong>inter</strong></span> <span class='ocrx_word' id='word_1_318' title='bbox 792 3166 1002 3220; x_wconf 81' lang='lat' dir='ltr'><strong>Grammaticos:</strong></span> <span class='ocrx_word' id='word_1_319' title='bbox 1016 3166 1064 3229; x_wconf 87' lang='lat' dir='ltr'><strong>iis,</strong></span> <span class='ocrx_word' id='word_1_320' title='bbox 1078 3168 1125 3234; x_wconf 91' lang='lat' dir='ltr'><strong>qui</strong></span> 
     </span>
     <span class='ocr_line' id='line_1_47' title="bbox 624 3244 1124 3314; baseline -0.006 -16"><span class='ocrx_word' id='word_1_321' title='bbox 624 3263 756 3298; x_wconf 86' lang='lat' dir='ltr'><strong>consonas</strong></span> <span class='ocrx_word' id='word_1_322' title='bbox 765 3245 822 3296; x_wconf 87' lang='lat' dir='ltr'><strong>lieri</strong></span> <span class='ocrx_word' id='word_1_323' title='bbox 833 3256 929 3314; x_wconf 85' lang='lat' dir='ltr'><strong>putant</strong></span> <span class='ocrx_word' id='word_1_324' title='bbox 939 3244 948 3293; x_wconf 86' lang='lat' dir='ltr'><strong>i</strong></span> <span class='ocrx_word' id='word_1_325' title='bbox 957 3256 984 3294; x_wconf 86' lang='lat' dir='ltr'><strong>et</strong></span> <span class='ocrx_word' id='word_1_326' title='bbox 993 3263 1024 3308; x_wconf 83' lang='lat' dir='ltr'><strong>u,</strong></span> <span class='ocrx_word' id='word_1_327' title='bbox 1036 3261 1124 3296; x_wconf 84' lang='lat' dir='ltr'><strong>assen-</strong></span> 
     </span>
     <span class='ocr_line' id='line_1_48' title="bbox 623 3322 1123 3396; baseline 0.004 -20"><span class='ocrx_word' id='word_1_328' title='bbox 623 3329 688 3378; x_wconf 88' lang='lat' dir='ltr'><strong>titur</strong></span> <span class='ocrx_word' id='word_1_329' title='bbox 702 3327 733 3376; x_wconf 84' lang='lat' dir='ltr'><strong>ll.</strong></span> <span class='ocrx_word' id='word_1_330' title='bbox 749 3324 898 3394; x_wconf 83' lang='lat' dir='ltr'><strong>Stephanus</strong></span> <span class='ocrx_word' id='word_1_331' title='bbox 912 3325 940 3374; x_wconf 91' lang='lat' dir='ltr'><strong>in</strong></span> <span class='ocrx_word' id='word_1_332' title='bbox 954 3322 1014 3374; x_wconf 89' lang='lat' dir='ltr'><strong>lect.</strong></span> <span class='ocrx_word' id='word_1_333' title='bbox 1030 3324 1123 3396; x_wconf 88' lang='lat' dir='ltr'><strong>Virgil.</strong></span> 
     </span>
     <span class='ocr_line' id='line_1_49' title="bbox 623 3403 1122 3473; baseline 0.004 -17"><span class='ocrx_word' id='word_1_334' title='bbox 623 3405 694 3456; x_wconf 92' lang='lat' dir='ltr'><strong>idem</strong></span> <span class='ocrx_word' id='word_1_335' title='bbox 718 3403 888 3456; x_wconf 84' lang='lat' dir='ltr'><strong>statuendum</strong></span> <span class='ocrx_word' id='word_1_336' title='bbox 915 3403 942 3451; x_wconf 91' lang='lat' dir='ltr'><strong>in</strong></span> <span class='ocrx_word' id='word_1_337' title='bbox 966 3404 1122 3473; x_wconf 77' lang='lat' dir='ltr'><strong>parietibus,</strong></span> 
     </span>
     <span class='ocr_line' id='line_1_50' title="bbox 624 3483 1121 3556; baseline 0.006 -22"><span class='ocrx_word' id='word_1_338' title='bbox 624 3485 760 3549; x_wconf 79' lang='lat' dir='ltr'><strong>abietibus,</strong></span> <span class='ocrx_word' id='word_1_339' title='bbox 780 3483 885 3546; x_wconf 83' lang='lat' dir='ltr'><strong>arietat,</strong></span> <span class='ocrx_word' id='word_1_340' title='bbox 903 3484 1004 3547; x_wconf 81' lang='lat' dir='ltr'><strong>tenuia,</strong></span> <span class='ocrx_word' id='word_1_341' title='bbox 1021 3503 1121 3556; x_wconf 68' lang='lat' dir='ltr'><strong>genua,</strong></span> 
     </span>
    </p>
   </div>
   <div class='ocr_carea' id='block_1_6' title="bbox 75 3559 1125 4113">
    <p class='ocr_par' dir='ltr' id='par_1_7' title="bbox 75 3559 1125 4113">
     <span class='ocr_line' id='line_1_51' title="bbox 75 3559 1122 3636; baseline -0.001 -19"><span class='ocrx_word' id='word_1_342' title='bbox 75 3566 212 3631; x_wconf 83' lang='lat' dir='ltr'><strong>violaret,</strong></span> <span class='ocrx_word' id='word_1_343' title='bbox 242 3583 355 3634; x_wconf 86' lang='lat' dir='ltr'><strong>quarum</strong></span> <span class='ocrx_word' id='word_1_344' title='bbox 383 3581 444 3618; x_wconf 90' lang='lat' dir='ltr'><strong>ante</strong></span> <span class='ocrx_word' id='word_1_345' title='bbox 469 3570 580 3636; x_wconf 86' lang='lat' dir='ltr'><strong>januam</strong></span> <span class='ocrx_word' id='word_1_346' title='bbox 625 3563 729 3628; x_wconf 67' lang='lat' dir='ltr'><strong>onnia,</strong></span> <span class='ocrx_word' id='word_1_347' title='bbox 748 3573 774 3612; x_wconf 87' lang='lat' dir='ltr'><strong>et</strong></span> <span class='ocrx_word' id='word_1_348' title='bbox 794 3559 932 3612; x_wconf 87' lang='lat' dir='ltr'><strong>similibus.</strong></span> <span class='ocrx_word' id='word_1_349' title='bbox 950 3565 1122 3616; x_wconf 67' lang='lat' dir='ltr'><strong>econtrario</strong></span> 
     </span>
     <span class='ocr_line' id='line_1_52' title="bbox 78 3639 1123 3714; baseline -0.002 -18"><span class='ocrx_word' id='word_1_350' title='bbox 78 3661 159 3714; x_wconf 87' lang='lat' dir='ltr'><strong>equus</strong></span> <span class='ocrx_word' id='word_1_351' title='bbox 173 3655 245 3696; x_wconf 87' lang='lat' dir='ltr'><strong>esset</strong></span> <span class='ocrx_word' id='word_1_352' title='bbox 255 3643 378 3713; x_wconf 83' lang='lat' dir='ltr'><strong>depictus</strong></span> <span class='ocrx_word' id='word_1_353' title='bbox 389 3644 477 3705; x_wconf 78' lang='lat' dir='ltr'><strong>3unde</strong></span> <span class='ocrx_word' id='word_1_354' title='bbox 487 3658 513 3696; x_wconf 87' lang='lat' dir='ltr'><strong>et</strong></span> <span class='ocrx_word' id='word_1_355' title='bbox 525 3647 579 3696; x_wconf 85' lang='lat' dir='ltr'><strong>An·</strong></span> <span class='ocrx_word' id='word_1_356' title='bbox 625 3652 837 3712; x_wconf 78' lang='lat' dir='ltr'><strong>argumentatur,</strong></span> <span class='ocrx_word' id='word_1_357' title='bbox 854 3657 903 3709; x_wconf 81' lang='lat' dir='ltr'><strong>per</strong></span> <span class='ocrx_word' id='word_1_358' title='bbox 917 3639 1037 3694; x_wconf 72' lang='lat' dir='ltr'><strong>dieresin</strong></span> <span class='ocrx_word' id='word_1_359' title='bbox 1052 3647 1123 3696; x_wconf 82' lang='lat' dir='ltr'><strong>enim</strong></span> 
     </span>
     <span class='ocr_line' id='line_1_53' title="bbox 76 3719 1122 3796; baseline 0 -20"><span class='ocrx_word' id='word_1_360' title='bbox 76 3725 175 3776; x_wconf 86' lang='lat' dir='ltr'><strong>tenoris</strong></span> <span class='ocrx_word' id='word_1_361' title='bbox 185 3733 213 3774; x_wconf 85' lang='lat' dir='ltr'><strong>et</strong></span> <span class='ocrx_word' id='word_1_362' title='bbox 228 3733 386 3774; x_wconf 83' lang='lat' dir='ltr'><strong>caeterorum</strong></span> <span class='ocrx_word' id='word_1_363' title='bbox 401 3725 495 3794; x_wconf 85' lang='lat' dir='ltr'><strong>agnitae</strong></span> <span class='ocrx_word' id='word_1_364' title='bbox 510 3736 579 3775; x_wconf 86' lang='lat' dir='ltr'><strong>sunt.</strong></span> <span class='ocrx_word' id='word_1_365' title='bbox 623 3721 695 3774; x_wconf 83' lang='lat' dir='ltr'><strong>silnoe</strong></span> <span class='ocrx_word' id='word_1_366' title='bbox 707 3719 803 3772; x_wconf 87' lang='lat' dir='ltr'><strong>dicitur</strong></span> <span class='ocrx_word' id='word_1_367' title='bbox 815 3738 863 3789; x_wconf 90' lang='lat' dir='ltr'><strong>pro</strong></span> <span class='ocrx_word' id='word_1_368' title='bbox 875 3719 945 3772; x_wconf 79' lang='lat' dir='ltr'><strong>silere</strong></span> <span class='ocrx_word' id='word_1_369' title='bbox 952 3744 961 3782; x_wconf 93' lang='lat'><strong>‚·</strong></span> <span class='ocrx_word' id='word_1_370' title='bbox 973 3726 1061 3776; x_wconf 69' lang='lat' dir='ltr'><strong>suaves</strong></span> <span class='ocrx_word' id='word_1_371' title='bbox 1072 3743 1122 3796; x_wconf 87' lang='lat' dir='ltr'><strong>pro</strong></span> 
     </span>
     <span class='ocr_line' id='line_1_54' title="bbox 77 3800 1125 3875; baseline 0 -21"><span class='ocrx_word' id='word_1_372' title='bbox 77 3805 126 3856; x_wconf 81' lang='lat' dir='ltr'><strong>Aut</strong></span> <span class='ocrx_word' id='word_1_373' title='bbox 138 3806 203 3875; x_wconf 91' lang='lat' dir='ltr'><strong>quia</strong></span> <span class='ocrx_word' id='word_1_374' title='bbox 218 3804 339 3872; x_wconf 79' lang='lat' dir='ltr'><strong>equestri</strong></span> <span class='ocrx_word' id='word_1_375' title='bbox 351 3805 442 3873; x_wconf 79' lang='lat' dir='ltr'><strong>praelio</strong></span> <span class='ocrx_word' id='word_1_376' title='bbox 456 3806 526 3858; x_wconf 87' lang='lat' dir='ltr'><strong>victa</strong></span> <span class='ocrx_word' id='word_1_377' title='bbox 541 3817 581 3856; x_wconf 90' lang='lat' dir='ltr'><strong>est</strong></span> <span class='ocrx_word' id='word_1_378' title='bbox 624 3819 719 3856; x_wconf 83' lang='lat' dir='ltr'><strong>suaves.</strong></span> <span class='ocrx_word' id='word_1_379' title='bbox 734 3800 844 3851; x_wconf 89' lang='lat' dir='ltr'><strong>Versum</strong></span> <span class='ocrx_word' id='word_1_380' title='bbox 864 3814 952 3852; x_wconf 83' lang='lat' dir='ltr'><strong>autem</strong></span> <span class='ocrx_word' id='word_1_381' title='bbox 971 3819 1028 3854; x_wconf 85' lang='lat' dir='ltr'><strong>esse</strong></span> <span class='ocrx_word' id='word_1_382' title='bbox 1044 3825 1125 3872; x_wconf 66' lang='grc' dir='ltr'><strong>προκι-</strong></span> 
     </span>
     <span class='ocr_line' id='line_1_55' title="bbox 77 3874 1122 3954; baseline 0.001 -20"><span class='ocrx_word' id='word_1_383' title='bbox 77 3883 162 3953; x_wconf 82' lang='lat' dir='ltr'><strong>Troja.</strong></span> <span class='ocrx_word' id='word_1_384' title='bbox 179 3883 236 3933; x_wconf 82' lang='lat' dir='ltr'><strong>Aut</strong></span> <span class='ocrx_word' id='word_1_385' title='bbox 251 3899 268 3932; x_wconf 88' lang='lat' dir='ltr'><strong>a</strong></span> <span class='ocrx_word' id='word_1_386' title='bbox 284 3893 374 3934; x_wconf 87' lang='lat' dir='ltr'><strong>monte</strong></span> <span class='ocrx_word' id='word_1_387' title='bbox 389 3884 503 3951; x_wconf 83' lang='lat' dir='ltr'><strong>Hippio,</strong></span> <span class='ocrx_word' id='word_1_388' title='bbox 520 3895 581 3954; x_wconf 89' lang='lat' dir='ltr'><strong>post</strong></span> <span class='ocrx_word' id='word_1_389' title='bbox 626 3874 776 3946; x_wconf 68' lang='lat' dir='ltr'><strong>arurpwrna&#39;r</strong></span> <span class='ocrx_word' id='word_1_390' title='bbox 791 3882 884 3932; x_wconf 84' lang='lat' dir='ltr'><strong>asserit</strong></span> <span class='ocrx_word' id='word_1_391' title='bbox 893 3881 1020 3934; x_wconf 80' lang='lat' dir='ltr'><strong>Nobiliss.</strong></span> <span class='ocrx_word' id='word_1_392' title='bbox 1032 3885 1122 3936; x_wconf 83' lang='lat' dir='ltr'><strong>Heius.</strong></span> 
     </span>
     <span class='ocr_line' id='line_1_56' title="bbox 79 3959 1124 4031; baseline -0.002 -16"><span class='ocrx_word' id='word_1_393' title='bbox 79 3980 154 4031; x_wconf 87' lang='lat' dir='ltr'><strong>quem</strong></span> <span class='ocrx_word' id='word_1_394' title='bbox 164 3981 193 4014; x_wconf 82' lang='lat' dir='ltr'><strong>se</strong></span> <span class='ocrx_word' id='word_1_395' title='bbox 205 3959 407 4012; x_wconf 88' lang='lat' dir='ltr'><strong>absconderant</strong></span> <span class='ocrx_word' id='word_1_396' title='bbox 416 3959 518 4012; x_wconf 83' lang='lat' dir='ltr'><strong>Graeci:</strong></span> <span class='ocrx_word' id='word_1_397' title='bbox 532 3981 582 4012; x_wconf 89' lang='lat' dir='ltr'><strong>un·</strong></span> <span class='ocrx_word' id='word_1_398' title='bbox 625 3962 835 4024; x_wconf 85' lang='lat' dir='ltr'><strong>Metamor.Vll,</strong></span> <span class='ocrx_word' id='word_1_399' title='bbox 854 3962 898 4015; x_wconf 87' lang='lat'><strong>151</strong></span> <span class='ocrx_word' id='word_1_400' title='bbox 913 3984 918 4012; x_wconf 74' lang='grc' dir='ltr'>ι</span> <span class='ocrx_word' id='word_1_401' title='bbox 937 3962 1053 4016; x_wconf 74' lang='lat' dir='ltr'><strong>aCustos</strong></span> <span class='ocrx_word' id='word_1_402' title='bbox 1067 3977 1124 4017; x_wconf 85' lang='lat' dir='ltr'><strong>erat</strong></span> 
     </span>
     <span class='ocr_line' id='line_1_57' title="bbox 79 4039 1027 4113; baseline 0 -23"><span class='ocrx_word' id='word_1_403' title='bbox 79 4039 108 4093; x_wconf 90' lang='lat' dir='ltr'><strong>de</strong></span> <span class='ocrx_word' id='word_1_404' title='bbox 119 4055 146 4096; x_wconf 84' lang='lat' dir='ltr'><strong>et</strong></span> <span class='ocrx_word' id='word_1_405' title='bbox 155 4040 272 4096; x_wconf 85' lang='lat' dir='ltr'><strong>alludit:</strong></span> <span class='ocrx_word' id='word_1_406' title='bbox 285 4040 372 4092; x_wconf 83' lang='lat' dir='ltr'><strong>lnstar</strong></span> <span class='ocrx_word' id='word_1_407' title='bbox 382 4040 477 4094; x_wconf 83' lang='lat' dir='ltr'><strong>montis</strong></span> <span class='ocrx_word' id='word_1_408' title='bbox 486 4059 581 4113; x_wconf 77' lang='lat' dir='ltr'><strong>equum</strong></span> <span class='ocrx_word' id='word_1_409' title='bbox 628 4042 717 4093; x_wconf 87' lang='lat' dir='ltr'><strong>arietis</strong></span> <span class='ocrx_word' id='word_1_410' title='bbox 728 4044 808 4096; x_wconf 85' lang='lat' dir='ltr'><strong>aurei.</strong></span> <span class='ocrx_word' id='word_1_411' title='bbox 821 4043 966 4094; x_wconf 54' lang='lat' dir='ltr'><strong>stimmo.</strong></span> <span class='ocrx_word' id='word_1_412' title='bbox 1020 4079 1027 4090; x_wconf 86' lang='lat'><em>.</em></span> 
     </span>
    </p>
   </div>
   <div class='ocr_carea' id='block_1_7' title="bbox 922 4146 945 4197">
    <p class='ocr_par' dir='ltr' id='par_1_8' title="bbox 922 4146 945 4197">
     <span class='ocr_line' id='line_1_58' title="bbox 922 4146 945 4197; baseline 0 -21"><span class='ocrx_word' id='word_1_413' title='bbox 922 4146 945 4197; x_wconf 74' lang='grc'><strong>7.</strong></span> 
     </span>
    </p>
   </div>
   <div class='ocr_carea' id='block_1_8' title="bbox 0 0 1369 4586">
    <p class='ocr_par' dir='ltr' id='par_1_9' title="bbox 0 0 1369 4586">
     <span class='ocr_line' id='line_1_59' title="bbox 0 0 1369 4586; baseline 0 0"><span class='ocrx_word' id='word_1_414' title='bbox 0 0 1369 4586; x_wconf 95' lang='lat' dir='ltr'><strong> </strong></span> 
     </span>
    </p>
   </div>
  </div>
 </body>
</html>
