2646 4606
322 323 374 385 in
397 320 633 387 uncinos
657 323 751 388 nin.
775 325 862 388 vn.
1051 331 1115 420 4³9

74 439 103 502 Si
116 433 243 524 quando
256 459 329 504 tero
342 444 447 504 oculos
459 444 669 519 convertebat,
683 457 717 504 ut
729 465 850 506 necesse
860 457 920 524 est,
935 463 1057 531 semper
1070 453 1116 510 in-

73 533 255 593 tentissime.
268 537 304 595 lu
317 533 378 594 hoc
393 547 521 616 stupore
532 535 630 594 subiit
640 535 757 614 Regem
768 534 861 596 altior
875 533 1016 618 quaedam
1032 529 1116 622 cogi·

72 621 167 695 tatio;
187 643 261 682 nam
276 642 331 684 nec
346 625 461 704 sceptri
479 622 603 704 quidem
618 635 753 698 memor,
773 631 825 683 aut
838 643 1002 708 purpurae,
1024 643 1115 688 nocte

71 719 193 771 tantum
205 715 330 795 nuptias
342 713 585 774 meditabundus
599 713 751 772 versabat.

111 797 179 874 254.
195 799 347 862 Volvebat
359 803 453 862 etium
469 816 570 862 secum
583 799 762 876 oraculum,
776 799 862 882 qnod
875 823 892 862 a
905 813 995 884 patre
1008 805 1116 864 audie·

71 896 133 959 rat,
148 899 178 946 et
190 889 369 970 reputabat,
382 897 423 950 a'n
433 893 543 950 AEneaa
553 902 629 950 esset
638 893 733 971 gener
745 887 798 949 ille
809 903 954 950 externus
968 891 1006 950 ad
1019 893 1117 976 impe·

72 974 154 1032 rium
167 976 265 1038 Italiae
279 993 424 1054 vocatus,
438 979 627 1062 futurusque
640 981 769 1059 egregiae
785 991 869 1039 sator
881 975 1008 1039 sobolis.

110 1062 178 1143 ²59·
191 1063 303 1146 Erupit
312 1079 381 1149 post
391 1067 519 1150 longam
531 1068 753 1150 cogitationem
765 1069 798 1128 in
812 1080 936 1142 vocent,
952 1075 1028 1149 qna,
1041 1086 1118 1150 prae·

71 1150 170 1210 misso
184 1155 273 1234 ptius
289 1157 428 1217 Deorttat
447 1157 601 1235 auspicio,
618 1156 776 1235 promittit
794 1153 911 1213 Ilioneo
930 1173 994 1214 aon
1015 1154 1117 1216 solum

72 1255 144 1320 quse
161 1243 327 1321 petiverat,
346 1246 482 1325 eriptam
499 1245 564 1302 Diis
581 1241 690 1315 sederit,
712 1240 778 1302 litus
797 1244 971 1317 innocuam,
993 1241 1116 1316 undum,

70 1344 190 1401 aarum,
204 1329 258 1389 sed
272 1332 445 1393 uberteteto
459 1338 623 1412 agrorum
632 1328 827 1412 opulentiam
840 1331 950 1410 Trojae.
964 1329 1033 1406 Qua
1048 1332 1118 1414 pol·

70 1413 244 1477 licitatione
254 1418 330 1500 quid
340 1419 463 1500 majus?
476 1425 511 1480 Τὸ
524 1419 640 1480 tandem
650 1419 769 1479 indicat
778 1420 906 1500 longam
917 1421 989 1478 satis
1000 1423 1117 1500 cogita·

73 1505 194 1565 tionem
204 1509 304 1588 Regis.
318 1509 380 1585 dit,
395 1508 490 1582 laetos,
504 1511 578 1591 quia
589 1510 693 1590 prius,
705 1523 740 1568 ut
751 1506 884 1584 haerens,
898 1518 991 1589 atque
1001 1507 1121 1586 delirus

71 1593 216 1654 nondum
227 1597 349 1656 vultum
362 1597 401 1658 ad
416 1598 557 1680 laetitiam
570 1597 786 1680 explicaverat.

110 1678 179 1744 263⁷.
191 1686 260 1746 Hoc
269 1685 371 1762 iacto,
383 1689 511 1747 AEneani
525 1687 713 1746 amicissime
724 1697 782 1768 per
792 1685 927 1766 legatum
942 1677 1069 1760 invitat,
1085 1699 1119 1746 ut

71 1787 101 1831 so
115 1773 221 1848 adeat,⁴
233 1787 269 1835 ut
282 1778 443 1858 continget
457 1775 611 1850 dextram,
625 1774 706 1834 nibil
721 1781 755 1835 ut
768 1777 894 1848 timeam
909 1773 1008 1834 donec
1020 1772 1121 1856 major

71 1862 197 1922 accedat
215 1863 340 1926 foederis
360 1867 541 1941 auctoritas,
564 1867 764 1948 auspicemur
785 1863 990 1926 concordiam
1011 1867 1050 1924 ab
1074 1867 1120 1924 in-

71 1954 206 2015 nexione
218 1973 386 2016 manuum:
401 1955 464 2016 boo
475 1965 549 2018 sane
561 1957 703 2037 erit-pars
716 1957 810 2037 pacis.

111 2042 180 2124 267.
196 2047 269 2105 Mox
282 2049 438 2128 quaepiam
451 2048 570 2127 signate
583 2044 728 2117 mandat,
749 2053 818 2125 quae
832 2044 906 2104 uelit
919 2044 1062 2104 ad'illum
1075 2063 1118 2104 re·

70 2127 163 2204 ferri3
177 2131 320 2194 videlicet
332 2132 393 2194 sibi
407 2141 469 2193 este
482 2140 602 2208 natam,
618 2143 712 2214 qu'am
728 2123 862 2192 oraculis
875 2129 1056 2194 adinonitus
1069 2129 1120 2190 de·

71 2216 146 2276 beat
158 2225 286 2280 externo
299 2223 367 2281 viro
380 2223 494 2304 nuptui
508 2219 582 2281 dare
588 2245 597 2297 ;
616 2222 796 2304 edecimare
805 2241 850 2296 se,
869 2205 900 2312 pl
914 2202 1023 2301 Opiane
1036 2215 1120 2278 hunc

71 2324 141 2364 esse
153 2305 290 2392 AEneam.
537 2379 540 2392 .
756 2303 759 2310 ’
861 2363 871 2394 ι,

18 2449 21 2457 .
110 2389 179 2470 274.
191 2391 334 2455 Habebat
346 2397 473 2456 Latinus
486 2417 581 2478 equos
595 2409 764 2476 tercentosp
781 2416 817 2454 ex
829 2393 878 2455 his
891 2407 1019 2455 centum
1032 2392 1119 2452 dedit

108 2513 168 2586 259.
182 2517 571 2593 Dinostrainc'eptasecandent.
618 2531 670 2575 nos
691 2521 833 2574 incutiant
851 2519 971 2590 imperii,
996 2528 1123 2588 tymantis

70 2596 224 2649 Secundum
232 2599 345 2670 priscam
352 2601 573 2654 consuetudinem
618 2601 732 2652 dic'atut.
747 2597 805 2652 liud
815 2593 1121 2669 riomen'posterlordbut

70 2679 211 2755 locuturas
229 2679 262 2732 de
276 2679 386 2751 publice
400 2682 528 2748 utilitate,
545 2681 574 2732 id
618 2672 1121 2745 trtc‘ulis'iiriarnatdnies'i:nan1reges

72 2767 129 2822 est,
142 2777 221 2829 paee,
232 2771 258 2812 et
271 2760 305 2812 de
317 2763 395 2833 regiis
408 2763 524 2833 nuptiis,
534 2761 573 2812 ia·
619 2763 727 2829 quoque
738 2755 1024 2828 ty'tatinidiceltatitur.
1044 2755 1119 2804 nris-

73 2839 110 2889 eit
129 2851 191 2890 ante
206 2838 323 2890 Deorum
339 2841 573 2892 commemoratio·
618 2838 692 2910 iopli.
705 2839 732 2888 in
743 2832 1046 2888 nublbtislotenttocat
1055 2832 1119 2884 utar

73 2935 149 2982 nem,
164 2920 233 2970 sicut
246 2921 273 2970 in
283 2919 391 2971 Catonis
407 2909 574 2972 orationibus
617 2915 740 2987 etp-aton:
758 2919 787 2967 et'
800 2915 827 2966 in
842 2914 908 2966 etet.
927 2911 974 2967 «irie
986 2911 1121 2980 cvpearide't

73 2997 194 3070 regrina
656 2998 715 3050 see.
736 2980 1026 3049 sanctificatore
1044 2990 1121 3042 marn

111 3077 170 3129 260.
182 3077 337 3151 Aupariom.
351 3077 505 3149 Propterea
518 3094 576 3150 quae
621 3085 736 3151 arguunt
747 3073 902 3148 virgiliani,
916 3071 990 3144 qu'od
998 3070 1122 3123 Latinuni

76 3155 149 3208 dieta
161 3169 223 3207 sunt
235 3158 496 3230 supra—Trojano
506 3159 576 3210 Nam
620 3159 725 3211 induxit
743 3152 816 3208 ultio
833 3152 915 3205 liliam
934 3151 1120 3223 pollicentem:
1172 3147 1182 3164 '

74 3251 172 3288 nornen
188 3238 282 3289 Ilionei
292 3238 441 3310 ignorabat.
454 3267 489 3276 —
501 3238 578 3308 Quod
621 3236 821 3291 tiee'or'ac'uluin
831 3231 1046 3294 considerantes,
1057 3230 1123 3299 quia

76 3329 158 3389 optus.
172 3317 264 3383 idest,
278 3337 339 3389 pax.
350 3320 454 3385 Brevis,
463 3317 512 3371 sed
523 3319 578 3390 ple·
621 3318 688 3369 italo
702 3316 761 3368 dari
772 3319 827 3364 tion*
840 3317 959 3383 poterin
973 3315 1024 3360 nec‘
1034 3310 1122 3362 AEneel

76 3399 186 3449 nissima
200 3400 351 3468 promissio.
365 3427 399 3438 -
410 3399 466 3450 Nec
476 3415 576 3469 sperno.
621 3400 759 3460 meritum,
782 3409 860 3464 quem
882 3391 995 3460 decebat
1014 3393 1121 3462 rogari:

77 3479 148 3546 Quia
154 3467 266 3542 dixerat,
278 3475 410 3529 ¹«fortunae
416 3494 499 3548 parva
507 3478 578 3548 prio⁴
622 3488 685 3528 nam
693 3473 810 3544 antiquis
818 3485 875 3521 mos
884 3470 936 3521 fuit
948 3467 1071 3520 nieliot‘es
1079 3490 1123 3542 ge·

77 3560 114 3609 ris
130 3559 275 3610 Munerat
294 3557 326 3608 Et
342 3571 382 3609 est
396 3559 532 3628 Liptotes:
549 3553 577 3607 id
622 3561 700 3608 ueros
714 3566 817 3624 rogare.
835 3547 992 3601 Verecunda
1008 3547 1123 3616 oblatio,

77 3649 130 3703 est,
142 3627 379 3706 libenter'accipio.
390 3637 460 3688 Serv.
472 3646 498 3687 et
507 3635 576 3686 non.
622 3643 649 3687 et
669 3633 794 3686 adieretis
815 3633 921 3680 ornnerd
939 3628 1142 3698 exprobrati'o³'‘

114 3717 173 3770 266.
188 3716 264 3766 Pacis
276 3715 332 3764 erit
352 3713 484 3774 Foederis3
498 3714 578 3765 abeo
622 3727 683 3766 nent
696 3712 807 3762 munita.

79 3796 153 3867 quod
165 3796 298 3865 seqnitur,
313 3791 341 3844 id
354 3793 428 3864 quod
442 3791 576 3864 precedit.
660 3793 718 3862 269.
732 3791 828 3850 Sortes;
848 3786 929 3838 modo
947 3787 1056 3839 abusive
1074 3793 1124 3858 pro

77 3907 111 3915 -
126 3875 253 3946 Tyranni.
273 3873 362 3925 Graece
381 3872 461 3937 dixit,
479 3870 507 3922 id
526 3885 579 3937 est,
624 3869 860 3944 oraculisposuit:
873 3856 935 3919 riam
948 3885 1002 3918 non
1015 3868 1125 3938 proprie

78 3959 172 4030 regis:
195 3973 257 4007 narn
277 3953 350 4026 apud
366 3969 412 4006 eos
431 3954 535 4026 tyranni
554 3967 580 4006 et
624 3946 1123 4016 dicuntur‚sortes‚·hicautemaFauno

80 4040 150 4110 regis
160 4033 367 4088 nulladitcretio
376 4045 428 4087 est:
437 4033 500 4085 licet
508 4033 580 4105 apud
625 4032 832 4099 oruotdnm,n0n
840 4038 924 4094 sortes,
934 4031 1081 4098 acceperat.
1097 4025 1122 4078 8.

738 4129 744 4158 i
