2692 4594
234 311 300 376 236
564 301 947 369 COMMENTARIA

206 427 208 434 ’
233 431 300 492 lmn
319 451 371 492 aer
388 437 449 490 est:
463 434 627 488 ventorum
643 448 804 488 murmura
819 425 935 486 nimbus
953 425 1109 508 sequitur,
1124 426 1190 486 imo
1204 429 1275 487 inse-

232 521 340 600 quitur,
355 521 388 578 in
402 537 464 596 quo
481 515 575 576 verbo
595 528 639 574 est
658 535 750 596 grave
769 513 919 594 quiddam
934 526 965 572 et
978 514 1163 590 molestum,
1180 535 1275 592 neque-

231 605 283 668 hic
298 605 439 686 simplex,
457 607 510 666 sed
526 606 664 666 admixta
682 604 845 686 grandine.
859 604 973 684 ltaque
986 607 1096 664 omnia
1109 606 1273 664 commixta

232 708 320 766 sunt,
334 695 419 752 venti
432 715 550 771 secum,
566 694 672 776 pluvia
684 707 714 752 et
728 690 865 772 grando,
879 705 909 752 et
923 691 993 751 ideo
1005 693 1147 755 nimbus.

274 779 337 839 163.
349 781 385 840 ln
396 783 501 842 subito
514 781 597 842 malo
608 781 851 862 quisquestatim
861 778 1054 860 praesidium,
1067 777 1156 860 quod
1167 777 1273 858 potuit,

231 875 406 952 occupavit,
422 887 452 932 et
462 875 546 955 Tyrii
560 887 591 933 et
601 871 740 952 Trojani.
751 870 920 950 Sed'quare
933 871 966 928 in
978 867 1179 928 nominando
1191 867 1273 924 Asea·

230 957 284 1017 nio
301 960 486 1042 periphrasis
505 963 577 1036 ista,
595 960 764 1021 Dardanius
780 979 868 1040 nepos
884 958 1023 1022 Veneris?
1042 959 1117 1038 quia
1137 955 1277 1014 videlicet

229 1047 263 1105 in
275 1045 335 1108 hoc
347 1049 431 1110 malo
443 1050 545 1112 deesse
554 1054 658 1111 Venus
671 1049 778 1132 nepoti
792 1069 848 1108 suo
863 1068 929 1107 non
941 1048 1052 1129 potuit.
1069 1049 1161 1106 Testa
1172 1043 1276 1102 divana

230 1150 303 1195 sunt
316 1137 452 1200 ferarum
467 1140 611 1214 latibula,
626 1140 774 1199 arborum
786 1138 904 1212 trunci,
919 1137 1046 1216 rupium
1057 1136 1214 1194 cavitates.
1225 1129 1278 1187 ab·

230 1224 334 1300 solvit,
350 1228 483 1289 ruunt'de
494 1226 639 1288 montibus
648 1247 766 1298 emnem
778 1245 852 1284 nam
865 1235 956 1282 aucta
965 1235 1131 1302 tempestas
1141 1235 1277 1278 momen·

229 1320 420 1412 totemporis
430 1331 580 1380 torrentes
590 1317 706 1392 effecit3
720 1329 750 1378 et
761 1316 805 1375 ita
813 1314 898 1394 Tyrii
908 1333 974 1372 non
986 1323 1120 1394 possunt
1129 1309 1278 1389 Reginam

230 1406 422 1486 mvestigare.
903 1447 909 1466 2

196 1539 200 1548 .
274 1493 339 1556 165.
353 1495 391 1555 ln
405 1519 441 1558 eo
454 1499 592 1559 tumultu
608 1496 691 1558 Dido
711 1505 803 1576 atque
819 1493 929 1552 AEneas
946 1490 986 1550 ad
998 1486 1141 1550 eamdem
1155 1483 1279 1568 spelun-

231 1602 299 1642 cam
317 1585 499 1665 deveniunt,
515 1589 571 1650 ubi
586 1591 701 1649 amoris
717 1605 795 1668 opus
812 1594 992 1666 peragetur,
1009 1579 1133 1656 seclusis
1149 1576 1280 1636 arbitris.

231 1672 409 1754 Sequuntur
422 1681 526 1739 statim
541 1682 644 1760 signa,
664 1678 779 1760 quibus
796 1673 960 1734 firmentur
972 1671 1101 1752 nuptiae.
1116 1667 1236 1739 Tellus,
1253 1675 1280 1723 et

231 1763 316 1826 Jnuo
332 1788 400 1846 qute
413 1781 523 1850 praeest
536 1768 729 1830 nubentibus
743 1769 868 1848 signum
881 1763 972 1836 dant;
990 1763 1079 1844 ignes
1097 1758 1222 1838 fulgent
1235 1767 1280 1813 at·
1318 1797 1321 1803 .

232 1871 292 1930 que
308 1854 417 1932 aether;
432 1858 585 1942 Nymphae
600 1860 633 1917 in
648 1853 810 1916 montibus
827 1845 960 1914 ululant.
977 1853 1045 1930 Ego
1064 1849 1106 1907 sic
1120 1844 1281 1924 concipio,

230 1949 267 1995 ut
284 1937 380 2016 dicat3
398 1944 503 2005 Tellus
520 1957 550 2005 et
567 1948 651 2005 Juno
669 1943 823 2004 dederunt
841 1942 945 2021 sigua,
963 1936 1124 2009 videlicet,
1142 1945 1179 1994 ut
1198 1933 1284 2012 ignes.

232 2025 384 2088 micarent
399 2033 547 2094 rutilante
558 2054 614 2116 per
625 2031 739 2093 aethera
750 2033 852 2092 subito
866 2029 971 2108 aliquo
984 2024 1133 2096 fulmine,
1151 2040 1220 2102 quae
1234 2039 1279 2078 res

232 2124 298 2172 tam
318 2117 356 2176 ad
373 2121 527 2182 Tellurem
544 2141 639 2205 quam
660 2120 700 2182 ad
719 2122 878 2180 lunonem
891 2116 1050 2198 {pertinett
1070 2108 1282 2171 exhalationes

233 2205 350 2288 quippe
366 2231 434 2291 quoe
451 2222 524 2272 sunt
542 2225 645 2285 terrae,
666 2211 800 2292 gignunt
817 2205 939 2268 fulmen
956 2205 990 2264 in
1008 2221 1090 2277 aere,
1111 2199 1169 2281 qui
1183 2199 1202 2256 J
1206 2217 1282 2256 uno·

232 2297 280 2354 nis
295 2312 352 2374 est3
367 2321 442 2362 nam
457 2306 534 2365 aeris
550 2315 594 2365 est
605 2305 680 2364 Dea.

277 2387 341 2464 169.
361 2390 433 2450 Dies
452 2391 503 2451 hic
520 2392 583 2452 fuit
598 2392 695 2452 veluti
712 2388 916 2450 seminarium
934 2384 1105 2454 malorum,
1125 2389 1156 2439 et
1170 2376 1283 2436 futurae-

234 2467 362 2532 demum
375 2481 501 2538 mortis:
517 2479 605 2540 nulla
617 2477 774 2560 enimjam
788 2489 843 2538 aut
853 2473 1038 2545 honestatis,
1054 2449 1109 2528 adt
1122 2466 1219 2526 famae
1231 2483 1281 2522 cu-

234 2579 289 2618 ra:
309 2560 368 2623 huc
386 2564 520 2627 fraenum
540 2569 566 2627 si
581 2567 705 2627 feminae
723 2565 926 2646 abrumpant,
946 2571 1048 2620 actum
1061 2555 1100 2614 de
1114 2554 1188 2614 illis.
1201 2549 1281 2610 Dido

234 2667 325 2728 Vero,
343 2664 378 2712 ut
391 2655 516 2736 culpam
529 2669 625 2738 tegat,
640 2656 739 2714 utitur
753 2653 893 2734 spacioso
908 2647 1046 2730 conjugii
1060 2643 1213 2704 nbmine:
1229 2641 1282 2699 ita·

234 2757 296 2818 que
304 2761 369 2801 non
379 2740 445 2823 jam
456 2743 567 2804 furtim
577 2753 694 2809 exercet
705 2761 824 2802 amores
836 2759 922 2812 suos,
934 2739 977 2796 sic
987 2734 1106 2814 explico
1117 2728 1282 2799 meditatur,

235 2827 286 2886 sed
296 2845 385 2892 vooat
394 2830 592 2912 conjugium3
605 2829 696 2890 ethic
708 2838 872 2911 praetextus
882 2836 1005 2884 tantum
1015 2820 1114 2902 culpae
1128 2817 1202 2876 fuit.
1217 2819 1283 2875 Per-

235 2925 353 3002 egregie
364 2935 467 2982 autem
477 2924 495 2982 J
500 2923 578 2982 nlius
588 2921 722 3002 Scaliger
731 2917 906 3000 perpendit,
917 2935 987 2998 quae
999 2911 1149 2972 hactenus
1161 2919 1283 2968 narrata

234 3025 307 3070 sunt
320 3011 359 3072 de
372 3012 515 3072 Didone:
531 3012 659 3093 propria
677 3009 804 3069 feminae
818 3009 917 3068 virtus
934 3005 1037 3088 pudor
1048 3013 1107 3076 est,
1122 3013 1152 3058 et
1166 2996 1283 3079 pudici·

234 3103 294 3161 tia:
308 3102 412 3184 pudor
422 3114 465 3162 est
476 3115 574 3161 metus
584 3097 850 3181 reprehensionis3
860 3095 1025 3179 pudicitia,
1036 3103 1185 3153 constans
1195 3086 1284 3148 absti-

273 3227 330 3297 167.
343 3227 445 3279 Fulsere
460 3227 539 3298 ignes.
556 3226 592 3275 Ut
604 3222 648 3274 dei
663 3239 734 3292 nup·
782 3217 979 3274 aliaabiisdem
987 3213 1156 3268 canebantur
1166 3207 1283 3264 carmina
1331 3275 1332 3290 ἶ

235 3307 321 3360 tiales.
333 3308 419 3359 Varro
433 3305 514 3357 dicit:
529 3328 539 3352 a
550 3304 628 3374 Aqua
640 3313 666 3353 et
680 3303 735 3372 igni
780 3295 925 3364 niatutina,
939 3315 996 3368 quae
1009 3288 1156 3362 drsyepurusl,
1167 3289 1224 3340 hue
1234 3299 1283 3348 est,

235 3383 736 3440 maritruxoresducebant.r-Sum·
781 3380 937 3432 excitatoria
952 3383 1151 3445 nuncupantur.
1178 3367 1284 3421 titulare

235 3485 329 3538 meque
341 3469 494 3532 ulularunt,
507 3477 557 3518 etc.
570 3464 654 3516 Moris
664 3463 736 3514 enim
780 3477 861 3524 vero,
873 3457 961 3510 luctus
976 3467 1002 3506 et
1015 3452 1112 3504 laetitias
1121 3447 1283 3500 vocabulum
1331 3505 1332 3522 ,

237 3545 304 3608 tuit,
317 3558 346 3594 ut
358 3545 452 3615 puelle
460 3559 521 3597 ante
529 3542 676 3606 thalamos,
689 3539 736 3591 ubi
781 3533 837 3604 est,
847 3537 918 3589 unde
928 3537 1066 3600 Lucanus,
1079 3529 1283 3582 «laetis'ulnlare
1331 3535 1332 3556 l

236 3625 300 3676 novi
315 3625 521 3693 nuptiinerant,
532 3624 637 3694 vesperi
650 3638 736 3690 usque
781 3618 954 3690 triumphis.»

237 3703 273 3756 ad
293 3702 408 3754 mediam
426 3717 532 3754 noctem
549 3703 738 3766 concinerent,
819 3687 1283 3769 170.Speciefumnuemouetur.Spe·
1331 3719 1332 3734 t

239 3801 296 3854 quae
304 3783 422 3834 carmina
429 3779 616 3848 urspraradhoe
624 3792 664 3833 est
672 3797 739 3830 som·
783 3780 832 3831 cies
845 3796 933 3830 rerum
946 3773 1118 3846 praesentium
1136 3780 1194 3833 ests
1216 3761 1282 3836 ‘llffld

237 3864 268 3924 ni
284 3861 468 3914 conciliatoria
483 3863 657 3914 vocabantur.
678 3860 738 3911 Fie-
784 3861 862 3928 quasi
876 3855 1004 3928 aspicitur
1019 3873 1025 3902 τ
1037 3851 1118 3924 fama
1137 3859 1228 3898 autem
1244 3862 1283 3894 re·
1331 3887 1332 3912 3

212 3942 287 4000 'bat
300 3940 443 4005 autemid,
458 3961 492 3992 ne
507 3939 650 4012 quidforis
663 3936 740 3990 audi·
783 3955 843 3988 rum
862 3935 1020 3988 absentium.
1041 3931 1100 3980 Hoc
1118 3945 1185 3996 ergo
1204 3924 1279 3976 dicit:
1331 3929 1332 3958 l

240 4033 328 4088 retur,
348 4019 422 4093 quod
440 4021 510 4079 intus
533 4019 617 4076 lieret.
639 4019 739 4076 Rursus
783 4033 839 4070 non
855 4034 914 4076 earn
927 4023 1031 4080 movet,
1043 4025 1091 4070 nec
1105 4022 1225 4080 presens
1240 4001 1283 4062 (lea
