2676 4602
343 233 394 296 IN
418 231 652 300 AENEIDOS
676 233 773 298 LlBt
793 235 833 298 V.
1044 239 1106 310 303

66 357 216 421 incautis
235 370 408 440 postrema:
426 357 520 420 habes
534 359 634 420 obiter
648 358 818 440 elegantem
834 356 1044 443 hypotyposin
1061 386 1110 426 co·

65 445 174 524 lubri‚
188 468 285 528 quum
297 448 384 510 ferox
398 463 441 515 est
456 449 543 510 illato
554 449 682 510 vulnera
692 471 698 507 :
709 470 782 508 nam
795 470 892 528 quurn
907 472 977 532 pars
989 454 1109 529 caudae,

66 557 142 618 quae
157 550 220 600 tota
233 537 331 600 lacera
342 552 400 610 est,
422 538 584 614 molendo,
601 553 690 598 uexet
701 559 734 598 se
746 540 778 598 iu
796 538 910 614 nodos,
921 541 1014 621 plicet
1027 563 1057 602 se
1076 545 1109 604 in

65 627 186 706 spiram
200 638 270 688 tum
280 646 349 706 pars
366 626 435 702 illa,
451 646 520 707 quae
535 627 573 686 ad
588 641 694 707 caput,
710 641 741 685 et
753 647 826 685 sana
846 641 907 700 est,
923 628 1110 691 ferocissima

67 715 174 788 saevit,
185 713 293 778 ardent
308 714 406 790 oculi,
420 730 511 797 caput
526 715 679 776 'attollitur
694 717 763 775 ciun
779 717 872 774 minis
890 730 919 776 et
937 717 1043 778 sibilis.
1060 723 1112 781 Est

67 813 207 875 retentat,
221 816 319 862 tentat
328 823 359 861 se
370 804 494 882 saepius,
506 815 700 884 conaturque
714 802 756 862 ad
765 818 899 867 motum.
910 807 1031 887 Serpens
1043 806 1114 868 obii·

69 911 149 970 quus
159 905 203 950 est
212 931 221 963 ‚
231 903 426 970 experrectus
437 903 657 950 transversum.

114 979 183 1041 280.
198 981 336 1040 Huncin
350 978 482 1038 modum
496 981 586 1038 navis
602 979 690 1038 tarda
700 993 766 1038 erat
779 982 909 1061 remigio
915 1003 924 1058 3
941 1003 1015 1041 nam
1030 982 1114 1048 vide·

69 1063 147 1126 licet
157 1063 270 1126 debilis
289 1080 321 1126 et
339 1066 448 1126 clauda
469 1087 536 1126 uno
554 1065 676 1136 ordine,
694 1088 789 1146 quum
812 1081 914 1126 tamen
938 1069 1020 1143 vele,
1045 1091 1114 1151 quae

68 1168 162 1214 erant
176 1174 287 1242 supra,
304 1155 411 1214 omnia
429 1170 527 1214 essent
539 1175 627 1227 sana,
642 1153 712 1213 ideo
728 1153 822 1235 pietus
833 1156 910 1216 subit
930 1159 1004 1217 ostia
1025 1157 1113 1234 uelis:

70 1245 117 1302 ita
130 1263 203 1304 sane
214 1263 336 1324 serpens
347 1243 474 1304 claudus
486 1257 549 1303 erat
558 1242 596 1302 ad
611 1243 757 1318 caudam,
770 1265 861 1304 sanus
872 1243 910 1303 ad
919 1260 1012 1326 caput
1024 1269 1031 1305 ι
1044 1247 1114 1308 ideo

70 1329 136 1392 hoc
148 1333 322 1409 sublatum,
334 1333 388 1393 illa
403 1353 520 1414 repens.
533 1335 613 1392 Nota
628 1353 756 1392 acumen
771 1354 805 1392 ex
824 1336 1019 1416 oppositione
1034 1336 1117 1398 tarda

72 1425 222 1504 remigio:
241 1443 315 1483 nam
334 1424 499 1504 remigium
518 1422 644 1504 quidem
660 1423 698 1482 ad
711 1421 898 1487 celeritatem
917 1438 976 1499 est,
995 1447 1060 1486 non
1077 1427 1115 1486 ad

71 1512 264 1573 tarditatem.

117 1599 186 1658 282.
198 1600 291 1675 Quasi
302 1621 367 1660 non
381 1621 415 1660 ex
426 1600 552 1676 merito,
565 1599 635 1659 ideo
646 1601 786 1681 promisso
796 1621 929 1674 munere3
941 1621 1041 1682 neque
1053 1615 1117 1662 tarn

76 1688 165 1750 illius
178 1710 251 1749 cura
265 1688 386 1764 habita,
401 1703 435 1748 ut
450 1691 537 1763 victi,
552 1710 645 1770 quam
662 1691 735 1770 quia
747 1703 866 1750 servata
880 1692 981 1766 navis,
997 1711 1119 1774 recupe-

76 1781 138 1842 rati
154 1781 228 1840 socii
240 1803 247 1838 :
260 1781 330 1841 ideo
347 1779 427 1842 loeuu
439 1778 538 1840 donat.
626 1815 627 1822 κ

118 1854 191 1941 28!ss
195 1867 317 1948 Triplex
327 1868 447 1948 praemii
459 1865 688 1925 commendatio
701 1889 707 1925 :
720 1878 784 1929 erat
793 1887 878 1926 serva
888 1867 982 1926 sciens
992 1879 1119 1930 texturae

73 1952 281 2034 lanificiique3
295 1967 359 2013 erat
371 1954 521 2014 Cretensis
534 1971 662 2034 genere3
681 1967 769 2012 erant
782 1954 825 2012 illi
840 1954 896 2012 sub
910 1954 1004 2013 ubere
1019 1955 1121 2016 infan-

75 2059 124 2104 tes
138 2045 264 2126 gemini.
279 2045 416 2104 Acumen
432 2044 551 2102 invenit
564 2043 726 2104 Turnebus
738 2041 793 2100 lib.
807 2044 859 2116 26,
872 2061 941 2122 cap.
959 2064 992 2124 ¹7
1004 2065 1011 2101 :
1024 2047 1121 2104 Datur
1183 2116 1190 2132 .

77 2133 165 2190 enim
179 2151 258 2189 serua
275 2130 316 2190 ob
334 2143 479 2190 seruatam
497 2149 630 2188 navem:
650 2129 747 2208 possis
761 2129 853 2192 etiam
868 2127 982 2202 dicere,
999 2127 1120 2189 bomini

76 2218 201 2282 imbelli
215 2219 319 2278 datam
331 2221 365 2277 in
380 2219 541 2298 praemium
554 2216 727 2276 foeminam.

121 2311 190 2370 286.
203 2310 307 2389 Pergit
323 2309 432 2367 AEness
450 2302 489 2366 ad
508 2307 627 2378 locum,
647 2305 700 2364 ubi
720 2303 929 2386 peragendum
949 2307 1121 2369 secundum

78 2411 254 2471 certamen,
275 2395 305 2454 id
325 2407 383 2468 est,
401 2415 515 2454 cursus.
535 2392 725 2451 Describitur
743 2389 795 2450 hic'
813 2391 916 2450 locus:
931 2395 1032 2474 prima
1050 2417 1121 2477 pars

79 2484 315 2566 descriptionis3
326 2504 400 2543 nain
411 2501 537 2562 campus
546 2473 729 2562 glamiueus:
739 2499 809 2560 pers
819 2477 929 2553 altera,
943 2503 1028 2562 quem
1039 2480 1124 2543 colli-

79 2574 135 2636 bus
146 2573 273 2655 midique
286 2575 379 2634 curvis
392 2570 552 2653 cingebant
562 2567 670 2651 sylvae:
684 2589 755 2650 pars
766 2567 853 2626 ter-tia
864 2589 872 2642 3
887 2587 960 2626 uam
973 2569 1058 2630 locus
1070 2569 1124 2629 ille

80 2751 167 2813 modo
178 2751 249 2804 vittis
263 2773 269 2802 t
283 2749 350 2803 alias
363 2750 489 2800 vittarum
499 2759 582 2809 extre·
626 2744 660 2798 de
679 2743 748 2797 avib.
766 2743 813 2795 lib.
830 2743 875 2794 Vl.
900 2741 1060 2795 «Claudicat
1079 2763 1125 2796 cx·

80 2835 190 2887 mitates
202 2830 282 2886 dictu
294 2843 323 2882 ut
337 2852 348 2876 ι
358 2830 400 2880 Fit
409 2829 494 2900 longae
504 2828 583 2882 tertie
629 2823 729 2894 templo
742 2839 890 2893 pennarum
902 2823 975 2874 nisus
987 2823 1104 2874 inanis.-

81 2914 159 2964 vittae
175 2911 269 2968 »Seru
598 2928 599 2936 ¹
663 2901 795 2957 281.Vcla
802 2901 873 2972 facit
884 2912 978 2958 tamen.
989 2900 1126 2956 ’dictitav-

120 2991 182 3067 276.
198 2988 363 3046 Tumultus
377 2997 473 3044 tonus.-
487 2983 515 3041 id
527 2998 583 3058 est,¹
628 2983 748 3036 danNatn
755 3000 809 3036 uon
817 2982 955 3052 praemisit,
965 2998 1126 3052 quamquam

82 3073 143 3124 sine
156 3089 237 3122 causa
247 3081 332 3121 tentat
343 3069 469 3119 incessus.
478 3094 512 3104 -
523 3065 584 3116 Tor·
628 3062 756 3134 remigare
769 3078 823 3110 non
835 3061 926 3130 possit.
940 3060 1008 3111 Serv.
1020 3088 1053 3099 -
1064 3059 1127 3112 Pte.

82 3144 585 3204 tusvocatelationemetvibrationem
629 3141 669 3193 nis
691 3139 759 3192 velis.
782 3141 855 3190 Facit
876 3151 968 3190 contra
992 3141 1126 3192 nauticam

84 3232 183 3302 spiro,
196 3225 235 3282 uit
249 3224 360 3293 tepuit,
373 3223 386 3278 i'
397 3220 548 3292 interfuerint
559 3234 586 3274 et
630 3217 849 3272 consuetudinem
859 3239 865 3266 ι
874 3235 934 3268 nam
943 3215 1055 3268 subituri
1066 3238 1127 3289 por-

85 3325 118 3364 ut
127 3309 238 3373 Cicero,
254 3307 394 3359 allidimus
407 3306 514 3357 immani
526 3321 585 3374 sper
629 3313 685 3350 tum
694 3297 836 3349 demittunt
843 3295 917 3359 velut
928 3293 975 3346 sed
983 3299 1124 3350 necessitas

85 3393 129 3444 cie
149 3401 277 3460 tortuque
298 3387 441 3440 draconem
464 3383 585 3437 Terribi·
630 3379 841 3450 coegerat‚quia
855 3375 981 3427 carebant
994 3379 1079 3429 ramis.

84 3473 173 3526 lem„
666 3455 1123 3527 n87.'Grumineum.Graminosum:

126 3549 187 3619 278.
202 3547 309 3601 amsa.
320 3545 363 3598 Ab
377 3543 484 3597 bomine
498 3554 586 3596 trane·
628 3539 791 3613 gramineum
802 3548 841 3587 est
851 3553 881 3586 ex
889 3539 1021 3608 gramine,
1031 3543 1128 3612 qrami.

86 3631 160 3684 tulit.
179 3627 273 3680 Cicero
288 3643 338 3698 pro
357 3624 472 3690 Milone,
493 3623 588 3674 -Mau-
631 3635 722 3670 nomm
734 3617 851 3688 gramine
863 3615 1011 3668 abundans.
1025 3647 1057 3656 -
1070 3619 1129 3672 Col-

88 3729 152 3762 cam
162 3727 193 3760 ac
203 3705 318 3760 debilem
331 3707 472 3754 Praturam
481 3714 562 3752 tuam.
573 3724 585 3748 a
632 3697 697 3750 ubas
707 3695 822 3766 undique
830 3695 925 3759 curvis,
937 3709 986 3748 etc.
997 3697 1110 3752 Mutavit
1122 3724 1128 3753 :

89 3792 162 3845 Seru.
173 3817 207 3828 -
216 3789 257 3838 lta
267 3785 351 3835 Tacit.
365 3785 433 3831 Ann.
447 3781 493 3831 lib.
506 3781 545 3840 ll;
556 3777 588 3830 de
632 3796 687 3828 non
701 3777 770 3828 euim
786 3773 853 3839 silva
868 3773 950 3827 colles
965 3775 1061 3845 habet,
1083 3779 1131 3832 sed

89 3867 206 3924 navibus
222 3865 337 3917 fractis:
362 3858 490 3912 uClaudae
508 3875 589 3909 naves
634 3858 708 3909 estin
718 3853 830 3906 collibus
838 3853 1129 3926 silvatdebuitdicere,

88 3969 155 4014 raro
163 3948 273 4018 reudgio
281 3955 421 3998 revertere.
437 3963 449 3988 ι
463 3941 503 3992 lte
513 3939 590 3990 Luer.
637 3955 715 4008 quem
727 3935 808 3989 colles
818 3937 958 4007 cingebant
971 3937 1050 3990 silvis.
1058 3939 1128 3993 Serri
1179 3949 1181 3956 ’
1194 3939 1196 3942 ’
