<?xml version="1.0" encoding="UTF-8"?>
<!DOCTYPE html PUBLIC "-//W3C//DTD XHTML 1.0 Transitional//EN"
    "http://www.w3.org/TR/xhtml1/DTD/xhtml1-transitional.dtd">
<html xmlns="http://www.w3.org/1999/xhtml" xml:lang="en" lang="en">
 <head>
  <title>
</title>
<meta http-equiv="Content-Type" content="text/html;charset=utf-8" />
  <meta name='ocr-system' content='tesseract 3.04.00' />
  <meta name='ocr-capabilities' content='ocr_page ocr_carea ocr_par ocr_line ocrx_word'/>
</head>
<body>
  <div class='ocr_page' id='page_1' title='image "./pvirgiliusmaroq02barbgoog_0083.png"; bbox 0 0 2670 4596; ppageno 0'>
   <div class='ocr_carea' id='block_1_1' title="bbox 390 278 1146 391">
    <p class='ocr_par' dir='ltr' id='par_1_1' title="bbox 390 278 1146 391">
     <span class='ocr_line' id='line_1_1' title="bbox 390 278 1146 391; baseline 0 -22"><span class='ocrx_word' id='word_1_1' title='bbox 390 297 442 369; x_wconf 81' lang='lat' dir='ltr'><strong>tn</strong></span> <span class='ocrx_word' id='word_1_2' title='bbox 466 298 701 369; x_wconf 72' lang='lat' dir='ltr'><strong>ursinos</strong></span> <span class='ocrx_word' id='word_1_3' title='bbox 724 304 816 369; x_wconf 75' lang='lat' dir='ltr'><strong>uro.</strong></span> <span class='ocrx_word' id='word_1_4' title='bbox 842 305 868 369; x_wconf 89' lang='lat'><strong>1.</strong></span> <span class='ocrx_word' id='word_1_5' title='bbox 1043 278 1047 288; x_wconf 61' lang='lat'>‘</span> <span class='ocrx_word' id='word_1_6' title='bbox 1106 305 1146 391; x_wconf 82' lang='lat'><strong>37</strong></span> 
     </span>
    </p>
   </div>
   <div class='ocr_carea' id='block_1_2' title="bbox 90 429 1152 1402">
    <p class='ocr_par' dir='ltr' id='par_1_2' title="bbox 90 429 1152 1402">
     <span class='ocr_line' id='line_1_2' title="bbox 100 429 1147 518; baseline -0.004 -20"><span class='ocrx_word' id='word_1_7' title='bbox 100 429 316 518; x_wconf 80' lang='lat' dir='ltr'><strong>amplitudine</strong></span> <span class='ocrx_word' id='word_1_8' title='bbox 326 445 358 496; x_wconf 51' lang='lat' dir='ltr'><strong>‘et</strong></span> <span class='ocrx_word' id='word_1_9' title='bbox 370 434 540 496; x_wconf 85' lang='lat' dir='ltr'><strong>clarissima</strong></span> <span class='ocrx_word' id='word_1_10' title='bbox 553 437 736 516; x_wconf 80' lang='lat' dir='ltr'><strong>posteritate</strong></span> <span class='ocrx_word' id='word_1_11' title='bbox 748 438 864 512; x_wconf 82' lang='lat' dir='ltr'><strong>AEncae,</strong></span> <span class='ocrx_word' id='word_1_12' title='bbox 878 457 947 518; x_wconf 82' lang='lat' dir='ltr'><strong>quae</strong></span> <span class='ocrx_word' id='word_1_13' title='bbox 959 437 1063 496; x_wconf 90' lang='lat' dir='ltr'><strong>omnia</strong></span> <span class='ocrx_word' id='word_1_14' title='bbox 1079 449 1147 496; x_wconf 82' lang='lat' dir='ltr'><strong>ten·</strong></span> 
     </span>
     <span class='ocr_line' id='line_1_3' title="bbox 103 521 1150 608; baseline -0.001 -23"><span class='ocrx_word' id='word_1_15' title='bbox 103 525 185 585; x_wconf 85' lang='lat' dir='ltr'><strong>dunt</strong></span> <span class='ocrx_word' id='word_1_16' title='bbox 201 525 241 584; x_wconf 90' lang='lat' dir='ltr'><strong>ad</strong></span> <span class='ocrx_word' id='word_1_17' title='bbox 257 526 388 606; x_wconf 77' lang='lat' dir='ltr'><strong>Augusti</strong></span> <span class='ocrx_word' id='word_1_18' title='bbox 403 523 536 584; x_wconf 90' lang='lat' dir='ltr'><strong>laudem.</strong></span> <span class='ocrx_word' id='word_1_19' title='bbox 559 528 599 585; x_wconf 86' lang='lat' dir='ltr'><strong>Et</strong></span> <span class='ocrx_word' id='word_1_20' title='bbox 605 521 672 608; x_wconf 87' lang='lat' dir='ltr'><strong>jum</strong></span> <span class='ocrx_word' id='word_1_21' title='bbox 679 524 754 607; x_wconf 84' lang='lat' dir='ltr'><strong>finis</strong></span> <span class='ocrx_word' id='word_1_22' title='bbox 768 540 846 586; x_wconf 86' lang='lat' dir='ltr'><strong>erat:</strong></span> <span class='ocrx_word' id='word_1_23' title='bbox 867 525 1015 586; x_wconf 89' lang='lat' dir='ltr'><strong>libentius</strong></span> <span class='ocrx_word' id='word_1_24' title='bbox 1029 523 1089 584; x_wconf 92' lang='lat' dir='ltr'><strong>hoc</strong></span> <span class='ocrx_word' id='word_1_25' title='bbox 1103 543 1150 584; x_wconf 86' lang='lat' dir='ltr'><strong>re-</strong></span> 
     </span>
     <span class='ocr_line' id='line_1_4' title="bbox 90 611 1149 694; baseline -0.001 -22"><span class='ocrx_word' id='word_1_26' title='bbox 90 612 170 673; x_wconf 78' lang='lat' dir='ltr'><strong>&#39;fero</strong></span> <span class='ocrx_word' id='word_1_27' title='bbox 184 614 226 673; x_wconf 88' lang='lat' dir='ltr'><strong>ad</strong></span> <span class='ocrx_word' id='word_1_28' title='bbox 239 625 467 694; x_wconf 80' lang='lat' dir='ltr'><strong>tempestatem,</strong></span> <span class='ocrx_word' id='word_1_29' title='bbox 488 633 579 693; x_wconf 92' lang='lat' dir='ltr'><strong>quam</strong></span> <span class='ocrx_word' id='word_1_30' title='bbox 596 611 634 672; x_wconf 91' lang='lat' dir='ltr'><strong>ad</strong></span> <span class='ocrx_word' id='word_1_31' title='bbox 647 613 746 688; x_wconf 90' lang='lat' dir='ltr'><strong>diem,</strong></span> <span class='ocrx_word' id='word_1_32' title='bbox 760 627 813 673; x_wconf 91' lang='lat' dir='ltr'><strong>aut</strong></span> <span class='ocrx_word' id='word_1_33' title='bbox 823 635 1011 688; x_wconf 87' lang='lat' dir='ltr'><strong>sermonem,</strong></span> <span class='ocrx_word' id='word_1_34' title='bbox 1025 625 1079 672; x_wconf 87' lang='lat' dir='ltr'><strong>aut</strong></span> <span class='ocrx_word' id='word_1_35' title='bbox 1090 632 1149 672; x_wconf 88' lang='lat' dir='ltr'><strong>coe·</strong></span> 
     </span>
     <span class='ocr_line' id='line_1_5' title="bbox 103 701 1150 783; baseline -0.001 -23"><span class='ocrx_word' id='word_1_36' title='bbox 103 717 193 776; x_wconf 89' lang='lat' dir='ltr'><strong>nam,</strong></span> <span class='ocrx_word' id='word_1_37' title='bbox 216 716 252 761; x_wconf 93' lang='lat' dir='ltr'><strong>ut</strong></span> <span class='ocrx_word' id='word_1_38' title='bbox 266 701 349 762; x_wconf 89' lang='lat' dir='ltr'><strong>dicat</strong></span> <span class='ocrx_word' id='word_1_39' title='bbox 360 724 366 760; x_wconf 92' lang='lat'>:</span> <span class='ocrx_word' id='word_1_40' title='bbox 379 703 445 782; x_wconf 81' lang='lat' dir='ltr'><strong>jam</strong></span> <span class='ocrx_word' id='word_1_41' title='bbox 457 701 528 760; x_wconf 86' lang='lat' dir='ltr'><strong>finis</strong></span> <span class='ocrx_word' id='word_1_42' title='bbox 542 715 606 762; x_wconf 87' lang='lat' dir='ltr'><strong>erat</strong></span> <span class='ocrx_word' id='word_1_43' title='bbox 621 715 685 762; x_wconf 90' lang='lat' dir='ltr'><strong>tam</strong></span> <span class='ocrx_word' id='word_1_44' title='bbox 700 705 770 762; x_wconf 82' lang='lat' dir='ltr'><strong>saevi</strong></span> <span class='ocrx_word' id='word_1_45' title='bbox 785 704 874 776; x_wconf 89' lang='lat' dir='ltr'><strong>mali,</strong></span> <span class='ocrx_word' id='word_1_46' title='bbox 891 703 956 783; x_wconf 88' lang='lat' dir='ltr'><strong>jam</strong></span> <span class='ocrx_word' id='word_1_47' title='bbox 969 704 1150 783; x_wconf 88' lang='lat' dir='ltr'><strong>quieverant</strong></span> 
     </span>
     <span class='ocr_line' id='line_1_6' title="bbox 101 789 1151 874; baseline -0.002 -24"><span class='ocrx_word' id='word_1_48' title='bbox 101 791 233 870; x_wconf 71' lang='lat' dir='ltr'><strong>&#39;Irojani</strong></span> <span class='ocrx_word' id='word_1_49' title='bbox 251 813 268 850; x_wconf 96' lang='lat' dir='ltr'><strong>a</strong></span> <span class='ocrx_word' id='word_1_50' title='bbox 285 791 354 851; x_wconf 89' lang='lat' dir='ltr'><strong>dira</strong></span> <span class='ocrx_word' id='word_1_51' title='bbox 371 793 464 852; x_wconf 89' lang='lat' dir='ltr'><strong>maris</strong></span> <span class='ocrx_word' id='word_1_52' title='bbox 476 789 664 872; x_wconf 86' lang='lat' dir='ltr'><strong>jactatione,</strong></span> <span class='ocrx_word' id='word_1_53' title='bbox 683 813 780 872; x_wconf 91' lang='lat' dir='ltr'><strong>quum</strong></span> <span class='ocrx_word' id='word_1_54' title='bbox 796 795 927 874; x_wconf 79' lang='lat' dir='ltr'><strong>Jupptter</strong></span> <span class='ocrx_word' id='word_1_55' title='bbox 939 792 1151 852; x_wconf 87' lang='lat' dir='ltr'><strong>humanarum</strong></span> 
     </span>
     <span class='ocr_line' id='line_1_7' title="bbox 102 877 1149 960; baseline 0.001 -25"><span class='ocrx_word' id='word_1_56' title='bbox 102 895 208 936; x_wconf 80' lang='lat' dir='ltr'><strong>rerum</strong></span> <span class='ocrx_word' id='word_1_57' title='bbox 227 877 404 954; x_wconf 77' lang='lat' dir='ltr'><strong>sollicitus,</strong></span> <span class='ocrx_word' id='word_1_58' title='bbox 415 877 570 960; x_wconf 82' lang='lat' dir='ltr'><strong>despiciens</strong></span> <span class='ocrx_word' id='word_1_59' title='bbox 586 899 622 938; x_wconf 83' lang='lat' dir='ltr'><strong>ex</strong></span> <span class='ocrx_word' id='word_1_60' title='bbox 637 899 750 938; x_wconf 86' lang='lat' dir='ltr'><strong>summo</strong></span> <span class='ocrx_word' id='word_1_61' title='bbox 767 878 882 954; x_wconf 74' lang='lat' dir='ltr'><strong>(ethere,</strong></span> <span class='ocrx_word' id='word_1_62' title='bbox 902 881 1043 960; x_wconf 82' lang='lat' dir='ltr'><strong>principe</strong></span> <span class='ocrx_word' id='word_1_63' title='bbox 1063 877 1149 952; x_wconf 89' lang='lat' dir='ltr'><strong>loco,</strong></span> 
     </span>
     <span class='ocr_line' id='line_1_8' title="bbox 105 962 1150 1050; baseline 0.001 -27"><span class='ocrx_word' id='word_1_64' title='bbox 105 987 183 1026; x_wconf 88' lang='lat' dir='ltr'><strong>mure</strong></span> <span class='ocrx_word' id='word_1_65' title='bbox 194 962 365 1042; x_wconf 73' lang='lat' dir='ltr'><strong>velivolum,</strong></span> <span class='ocrx_word' id='word_1_66' title='bbox 377 981 412 1027; x_wconf 91' lang='lat' dir='ltr'><strong>ut</strong></span> <span class='ocrx_word' id='word_1_67' title='bbox 423 969 507 1049; x_wconf 92' lang='lat' dir='ltr'><strong>quod</strong></span> <span class='ocrx_word' id='word_1_68' title='bbox 517 966 725 1046; x_wconf 86' lang='lat' dir='ltr'><strong>Trojanorum</strong></span> <span class='ocrx_word' id='word_1_69' title='bbox 736 969 794 1026; x_wconf 87' lang='lat' dir='ltr'><strong>iter</strong></span> <span class='ocrx_word' id='word_1_70' title='bbox 804 969 1024 1050; x_wconf 83' lang='lat' dir='ltr'><strong>impediverat3</strong></span> <span class='ocrx_word' id='word_1_71' title='bbox 1037 964 1150 1026; x_wconf 87' lang='lat' dir='ltr'><strong>deiude</strong></span> 
     </span>
     <span class='ocr_line' id='line_1_9' title="bbox 106 1049 1151 1138; baseline -0.001 -26"><span class='ocrx_word' id='word_1_72' title='bbox 106 1063 193 1112; x_wconf 82' lang='lat' dir='ltr'><strong>terras</strong></span> <span class='ocrx_word' id='word_1_73' title='bbox 196 1051 344 1137; x_wconf 83' lang='lat' dir='ltr'><strong>jacentes,</strong></span> <span class='ocrx_word' id='word_1_74' title='bbox 360 1053 464 1129; x_wconf 87' lang='lat' dir='ltr'><strong>idest,</strong></span> <span class='ocrx_word' id='word_1_75' title='bbox 480 1053 529 1114; x_wconf 90' lang='lat' dir='ltr'><strong>vel</strong></span> <span class='ocrx_word' id='word_1_76' title='bbox 545 1055 579 1113; x_wconf 95' lang='lat' dir='ltr'><strong>in</strong></span> <span class='ocrx_word' id='word_1_77' title='bbox 594 1053 725 1134; x_wconf 76' lang='lat' dir='ltr'><strong>longum</strong></span> <span class='ocrx_word' id='word_1_78' title='bbox 739 1052 899 1135; x_wconf 88' lang='lat' dir='ltr'><strong>latumque</strong></span> <span class='ocrx_word' id='word_1_79' title='bbox 913 1067 1086 1138; x_wconf 72' lang='lat' dir='ltr'><strong>porrectas,</strong></span> <span class='ocrx_word' id='word_1_80' title='bbox 1102 1049 1151 1112; x_wconf 86' lang='lat' dir='ltr'><strong>vel</strong></span> 
     </span>
     <span class='ocr_line' id='line_1_10' title="bbox 107 1139 1152 1224; baseline -0.001 -26"><span class='ocrx_word' id='word_1_81' title='bbox 107 1139 146 1199; x_wconf 92' lang='lat' dir='ltr'><strong>ad</strong></span> <span class='ocrx_word' id='word_1_82' title='bbox 171 1141 343 1203; x_wconf 86' lang='lat' dir='ltr'><strong>discrimen</strong></span> <span class='ocrx_word' id='word_1_83' title='bbox 369 1142 504 1203; x_wconf 87' lang='lat' dir='ltr'><strong>aliorum</strong></span> <span class='ocrx_word' id='word_1_84' title='bbox 529 1142 770 1218; x_wconf 87' lang='lat' dir='ltr'><strong>elementorum,</strong></span> <span class='ocrx_word' id='word_1_85' title='bbox 800 1163 869 1224; x_wconf 85' lang='lat' dir='ltr'><strong>quae</strong></span> <span class='ocrx_word' id='word_1_86' title='bbox 895 1164 994 1224; x_wconf 91' lang='lat' dir='ltr'><strong>quum</strong></span> <span class='ocrx_word' id='word_1_87' title='bbox 1021 1139 1152 1200; x_wconf 84' lang='lat' dir='ltr'><strong>mobilia</strong></span> 
     </span>
     <span class='ocr_line' id='line_1_11' title="bbox 109 1225 1152 1313; baseline -0.002 -27"><span class='ocrx_word' id='word_1_88' title='bbox 109 1229 186 1305; x_wconf 91' lang='lat' dir='ltr'><strong>sint,</strong></span> <span class='ocrx_word' id='word_1_89' title='bbox 207 1244 238 1291; x_wconf 89' lang='lat' dir='ltr'><strong>et</strong></span> <span class='ocrx_word' id='word_1_90' title='bbox 250 1233 420 1313; x_wconf 79' lang='lat' dir='ltr'><strong>agitentur,</strong></span> <span class='ocrx_word' id='word_1_91' title='bbox 439 1253 502 1291; x_wconf 87' lang='lat' dir='ltr'><strong>una</strong></span> <span class='ocrx_word' id='word_1_92' title='bbox 515 1229 606 1291; x_wconf 93' lang='lat' dir='ltr'><strong>tellus</strong></span> <span class='ocrx_word' id='word_1_93' title='bbox 620 1229 711 1289; x_wconf 87' lang='lat' dir='ltr'><strong>firma</strong></span> <span class='ocrx_word' id='word_1_94' title='bbox 725 1242 785 1306; x_wconf 90' lang='lat' dir='ltr'><strong>est,</strong></span> <span class='ocrx_word' id='word_1_95' title='bbox 807 1229 940 1305; x_wconf 88' lang='lat' dir='ltr'><strong>stabilis,</strong></span> <span class='ocrx_word' id='word_1_96' title='bbox 957 1230 1082 1310; x_wconf 88' lang='lat' dir='ltr'><strong>jacens:</strong></span> <span class='ocrx_word' id='word_1_97' title='bbox 1102 1225 1152 1287; x_wconf 84' lang='lat' dir='ltr'><strong>vel</strong></span> 
     </span>
     <span class='ocr_line' id='line_1_12' title="bbox 109 1315 1152 1402; baseline -0.004 -27"><span class='ocrx_word' id='word_1_98' title='bbox 109 1328 194 1376; x_wconf 86' lang='lat' dir='ltr'><strong>terras</strong></span> <span class='ocrx_word' id='word_1_99' title='bbox 198 1315 344 1402; x_wconf 85' lang='lat' dir='ltr'><strong>jacentes,</strong></span> <span class='ocrx_word' id='word_1_100' title='bbox 360 1318 393 1378; x_wconf 93' lang='lat' dir='ltr'><strong>id</strong></span> <span class='ocrx_word' id='word_1_101' title='bbox 405 1332 466 1394; x_wconf 87' lang='lat' dir='ltr'><strong>est,</strong></span> <span class='ocrx_word' id='word_1_102' title='bbox 478 1317 627 1394; x_wconf 89' lang='lat' dir='ltr'><strong>humiles,</strong></span> <span class='ocrx_word' id='word_1_103' title='bbox 642 1339 713 1378; x_wconf 88' lang='lat' dir='ltr'><strong>cum</strong></span> <span class='ocrx_word' id='word_1_104' title='bbox 725 1332 867 1398; x_wconf 89' lang='lat' dir='ltr'><strong>respectu</strong></span> <span class='ocrx_word' id='word_1_105' title='bbox 879 1317 917 1378; x_wconf 90' lang='lat' dir='ltr'><strong>ad</strong></span> <span class='ocrx_word' id='word_1_106' title='bbox 928 1315 1152 1377; x_wconf 80' lang='lat' dir='ltr'><strong>sublimitatem</strong></span> 
     </span>
    </p>
   </div>
   <div class='ocr_carea' id='block_1_3' title="bbox 105 1400 1260 1488">
    <p class='ocr_par' dir='ltr' id='par_1_3' title="bbox 105 1400 1260 1488">
     <span class='ocr_line' id='line_1_13' title="bbox 105 1400 1260 1488; baseline -0.003 -26"><span class='ocrx_word' id='word_1_107' title='bbox 105 1401 188 1479; x_wconf 85' lang='lat' dir='ltr'><strong>caeli,</strong></span> <span class='ocrx_word' id='word_1_108' title='bbox 202 1405 253 1464; x_wconf 85' lang='lat' dir='ltr'><strong>vel</strong></span> <span class='ocrx_word' id='word_1_109' title='bbox 266 1406 400 1488; x_wconf 88' lang='lat' dir='ltr'><strong>denique</strong></span> <span class='ocrx_word' id='word_1_110' title='bbox 414 1427 487 1466; x_wconf 91' lang='lat' dir='ltr'><strong>cum</strong></span> <span class='ocrx_word' id='word_1_111' title='bbox 500 1407 620 1466; x_wconf 86' lang='lat' dir='ltr'><strong>Acrone</strong></span> <span class='ocrx_word' id='word_1_112' title='bbox 636 1409 754 1466; x_wconf 85' lang='lat' dir='ltr'><strong>inertes:</strong></span> <span class='ocrx_word' id='word_1_113' title='bbox 770 1419 813 1466; x_wconf 88' lang='lat' dir='ltr'><strong>est</strong></span> <span class='ocrx_word' id='word_1_114' title='bbox 825 1408 908 1466; x_wconf 89' lang='lat' dir='ltr'><strong>enim</strong></span> <span class='ocrx_word' id='word_1_115' title='bbox 916 1406 1018 1486; x_wconf 86' lang='lat' dir='ltr'><strong>jacere</strong></span> <span class='ocrx_word' id='word_1_116' title='bbox 1031 1424 1064 1462; x_wconf 91' lang='lat' dir='ltr'><strong>ac</strong></span> <span class='ocrx_word' id='word_1_117' title='bbox 1075 1400 1152 1461; x_wconf 91' lang='lat' dir='ltr'><strong>desi·</strong></span> <span class='ocrx_word' id='word_1_118' title='bbox 1255 1407 1260 1418; x_wconf 83' lang='grc'><strong>“</strong></span> 
     </span>
    </p>
   </div>
   <div class='ocr_carea' id='block_1_4' title="bbox 4 1488 1155 3158">
    <p class='ocr_par' dir='ltr' id='par_1_4' title="bbox 96 1488 1155 2011">
     <span class='ocr_line' id='line_1_14' title="bbox 107 1488 1150 1575; baseline -0.002 -27"><span class='ocrx_word' id='word_1_119' title='bbox 107 1488 194 1565; x_wconf 87' lang='lat' dir='ltr'><strong>dere,</strong></span> <span class='ocrx_word' id='word_1_120' title='bbox 205 1493 329 1567; x_wconf 90' lang='lat' dir='ltr'><strong>inertis;</strong></span> <span class='ocrx_word' id='word_1_121' title='bbox 340 1508 423 1554; x_wconf 89' lang='lat' dir='ltr'><strong>terra</strong></span> <span class='ocrx_word' id='word_1_122' title='bbox 431 1495 548 1575; x_wconf 90' lang='lat' dir='ltr'><strong>quippe</strong></span> <span class='ocrx_word' id='word_1_123' title='bbox 555 1496 638 1554; x_wconf 85' lang='lat' dir='ltr'><strong>inter</strong></span> <span class='ocrx_word' id='word_1_124' title='bbox 645 1493 796 1555; x_wconf 87' lang='lat' dir='ltr'><strong>elementa</strong></span> <span class='ocrx_word' id='word_1_125' title='bbox 805 1494 894 1554; x_wconf 90' lang='lat' dir='ltr'><strong>nullu</strong></span> <span class='ocrx_word' id='word_1_126' title='bbox 903 1507 992 1553; x_wconf 90' lang='lat' dir='ltr'><strong>motu</strong></span> <span class='ocrx_word' id='word_1_127' title='bbox 1000 1493 1150 1572; x_wconf 76' lang='lat' dir='ltr'><strong>agitatur:</strong></span> 
     </span>
     <span class='ocr_line' id='line_1_15' title="bbox 106 1577 1150 1658; baseline -0.003 -23"><span class='ocrx_word' id='word_1_128' title='bbox 106 1577 148 1636; x_wconf 89' lang='lat' dir='ltr'><strong>ita</strong></span> <span class='ocrx_word' id='word_1_129' title='bbox 162 1581 329 1656; x_wconf 87' lang='lat' dir='ltr'><strong>Horatius,</strong></span> <span class='ocrx_word' id='word_1_130' title='bbox 349 1585 598 1656; x_wconf 66' lang='lat' dir='ltr'><strong>tenerrimum,</strong></span> <span class='ocrx_word' id='word_1_131' title='bbox 619 1581 699 1641; x_wconf 88' lang='lat' dir='ltr'><strong>dixit</strong></span> <span class='ocrx_word' id='word_1_132' title='bbox 712 1581 765 1643; x_wconf 88' lang='lat' dir='ltr'><strong>od.</strong></span> <span class='ocrx_word' id='word_1_133' title='bbox 776 1581 829 1656; x_wconf 89' lang='lat' dir='ltr'><strong>lV,</strong></span> <span class='ocrx_word' id='word_1_134' title='bbox 849 1579 904 1642; x_wconf 92' lang='lat' dir='ltr'><strong>lib.</strong></span> <span class='ocrx_word' id='word_1_135' title='bbox 918 1583 970 1642; x_wconf 92' lang='lat' dir='ltr'><strong>lll.</strong></span> <span class='ocrx_word' id='word_1_136' title='bbox 990 1577 1150 1658; x_wconf 87' lang='lat' dir='ltr'><strong>Sequitur,</strong></span> 
     </span>
     <span class='ocr_line' id='line_1_16' title="bbox 96 1661 1151 1750; baseline -0.002 -28"><span class='ocrx_word' id='word_1_137' title='bbox 96 1661 247 1747; x_wconf 78' lang='lat' dir='ltr'><strong>litoraque</strong></span> <span class='ocrx_word' id='word_1_138' title='bbox 258 1681 287 1728; x_wconf 88' lang='lat' dir='ltr'><strong>et</strong></span> <span class='ocrx_word' id='word_1_139' title='bbox 298 1666 370 1729; x_wconf 78' lang='lat' dir='ltr'><strong>latos</strong></span> <span class='ocrx_word' id='word_1_140' title='bbox 379 1665 517 1750; x_wconf 83' lang='lat' dir='ltr'><strong>populos‚·</strong></span> <span class='ocrx_word' id='word_1_141' title='bbox 529 1683 575 1728; x_wconf 90' lang='lat' dir='ltr'><strong>est</strong></span> <span class='ocrx_word' id='word_1_142' title='bbox 585 1667 681 1728; x_wconf 84' lang='lat' dir='ltr'><strong>veluti</strong></span> <span class='ocrx_word' id='word_1_143' title='bbox 694 1667 855 1749; x_wconf 86' lang='lat' dir='ltr'><strong>explicatio</strong></span> <span class='ocrx_word' id='word_1_144' title='bbox 868 1665 1085 1749; x_wconf 67' lang='lat' dir='ltr'><strong>precedentis:</strong></span> <span class='ocrx_word' id='word_1_145' title='bbox 1096 1682 1151 1721; x_wconf 90' lang='lat' dir='ltr'><strong>cur</strong></span> 
     </span>
     <span class='ocr_line' id='line_1_17' title="bbox 107 1747 1151 1837; baseline -0.002 -29"><span class='ocrx_word' id='word_1_146' title='bbox 107 1747 213 1812; x_wconf 83' lang='lat' dir='ltr'><strong>litora?</strong></span> <span class='ocrx_word' id='word_1_147' title='bbox 224 1756 298 1834; x_wconf 92' lang='lat' dir='ltr'><strong>quia</strong></span> <span class='ocrx_word' id='word_1_148' title='bbox 308 1777 393 1816; x_wconf 90' lang='lat' dir='ltr'><strong>mare</strong></span> <span class='ocrx_word' id='word_1_149' title='bbox 405 1779 412 1815; x_wconf 93' lang='lat'>:</span> <span class='ocrx_word' id='word_1_150' title='bbox 425 1776 479 1816; x_wconf 92' lang='lat' dir='ltr'><strong>cur</strong></span> <span class='ocrx_word' id='word_1_151' title='bbox 487 1753 609 1837; x_wconf 79' lang='lat' dir='ltr'><strong>populos</strong></span> <span class='ocrx_word' id='word_1_152' title='bbox 622 1753 712 1815; x_wconf 82' lang='lat' dir='ltr'><strong>lotos?</strong></span> <span class='ocrx_word' id='word_1_153' title='bbox 724 1756 797 1836; x_wconf 87' lang='lat' dir='ltr'><strong>quia</strong></span> <span class='ocrx_word' id='word_1_154' title='bbox 809 1752 1044 1837; x_wconf 81' lang='lat' dir='ltr'><strong>terrasjucentes:</strong></span> <span class='ocrx_word' id='word_1_155' title='bbox 1061 1750 1151 1830; x_wconf 88' lang='lat' dir='ltr'><strong>quasi</strong></span> 
     </span>
     <span class='ocr_line' id='line_1_18' title="bbox 106 1837 1155 1925; baseline -0.001 -29"><span class='ocrx_word' id='word_1_156' title='bbox 106 1837 202 1916; x_wconf 87' lang='lat' dir='ltr'><strong>dicat,</strong></span> <span class='ocrx_word' id='word_1_157' title='bbox 222 1843 361 1925; x_wconf 82' lang='lat' dir='ltr'><strong>despexit</strong></span> <span class='ocrx_word' id='word_1_158' title='bbox 379 1865 395 1905; x_wconf 92' lang='lat' dir='ltr'><strong>e</strong></span> <span class='ocrx_word' id='word_1_159' title='bbox 413 1864 537 1904; x_wconf 87' lang='lat' dir='ltr'><strong>summo</strong></span> <span class='ocrx_word' id='word_1_160' title='bbox 556 1843 668 1905; x_wconf 83' lang='lat' dir='ltr'><strong>aethere</strong></span> <span class='ocrx_word' id='word_1_161' title='bbox 685 1865 772 1905; x_wconf 87' lang='lat' dir='ltr'><strong>mare</strong></span> <span class='ocrx_word' id='word_1_162' title='bbox 788 1865 859 1905; x_wconf 89' lang='lat' dir='ltr'><strong>cum</strong></span> <span class='ocrx_word' id='word_1_163' title='bbox 877 1842 1035 1918; x_wconf 89' lang='lat' dir='ltr'><strong>litoribus,</strong></span> <span class='ocrx_word' id='word_1_164' title='bbox 1054 1852 1155 1898; x_wconf 89' lang='lat' dir='ltr'><strong>terras·</strong></span> 
     </span>
     <span class='ocr_line' id='line_1_19' title="bbox 96 1932 325 2011; baseline 0.017 -25"><span class='ocrx_word' id='word_1_165' title='bbox 96 1947 177 1988; x_wconf 85' lang='lat' dir='ltr'><strong>¹cum</strong></span> <span class='ocrx_word' id='word_1_166' title='bbox 189 1932 325 2011; x_wconf 90' lang='lat' dir='ltr'><strong>populis.</strong></span> 
     </span>
    </p>

    <p class='ocr_par' dir='ltr' id='par_1_5' title="bbox 98 2018 1152 2544">
     <span class='ocr_line' id='line_1_20' title="bbox 146 2018 1152 2104; baseline -0.003 -27"><span class='ocrx_word' id='word_1_167' title='bbox 146 2021 216 2079; x_wconf 84' lang='lat'><strong>225.</strong></span> <span class='ocrx_word' id='word_1_168' title='bbox 230 2022 327 2098; x_wconf 90' lang='lat' dir='ltr'><strong>Dicit,</strong></span> <span class='ocrx_word' id='word_1_169' title='bbox 347 2024 387 2081; x_wconf 88' lang='lat' dir='ltr'><strong>sic</strong></span> <span class='ocrx_word' id='word_1_170' title='bbox 400 2023 502 2084; x_wconf 86' lang='lat' dir='ltr'><strong>vertice</strong></span> <span class='ocrx_word' id='word_1_171' title='bbox 514 2019 579 2082; x_wconf 81' lang='lat' dir='ltr'><strong>cccli</strong></span> <span class='ocrx_word' id='word_1_172' title='bbox 593 2022 738 2095; x_wconf 84' lang='lat' dir='ltr'><strong>Constitit,</strong></span> <span class='ocrx_word' id='word_1_173' title='bbox 761 2025 849 2104; x_wconf 91' lang='lat' dir='ltr'><strong>quasi</strong></span> <span class='ocrx_word' id='word_1_174' title='bbox 866 2043 947 2082; x_wconf 89' lang='lat' dir='ltr'><strong>nova</strong></span> <span class='ocrx_word' id='word_1_175' title='bbox 962 2018 1104 2102; x_wconf 86' lang='lat' dir='ltr'><strong>quaedam</strong></span> <span class='ocrx_word' id='word_1_176' title='bbox 1119 2026 1152 2074; x_wconf 92' lang='lat' dir='ltr'><strong>et</strong></span> 
     </span>
     <span class='ocr_line' id='line_1_21' title="bbox 108 2105 1150 2190; baseline -0.001 -26"><span class='ocrx_word' id='word_1_177' title='bbox 108 2105 262 2168; x_wconf 89' lang='lat' dir='ltr'><strong>altissima</strong></span> <span class='ocrx_word' id='word_1_178' title='bbox 278 2111 429 2190; x_wconf 79' lang='lat' dir='ltr'><strong>cogitatio</strong></span> <span class='ocrx_word' id='word_1_179' title='bbox 446 2112 556 2169; x_wconf 89' lang='lat' dir='ltr'><strong>Jovem</strong></span> <span class='ocrx_word' id='word_1_180' title='bbox 570 2113 720 2170; x_wconf 89' lang='lat' dir='ltr'><strong>invaserit</strong></span> <span class='ocrx_word' id='word_1_181' title='bbox 734 2110 772 2170; x_wconf 90' lang='lat' dir='ltr'><strong>de</strong></span> <span class='ocrx_word' id='word_1_182' title='bbox 788 2109 880 2171; x_wconf 89' lang='lat' dir='ltr'><strong>rebus</strong></span> <span class='ocrx_word' id='word_1_183' title='bbox 892 2110 1061 2180; x_wconf 78' lang='lat' dir='ltr'><strong>Africanis3</strong></span> <span class='ocrx_word' id='word_1_184' title='bbox 1079 2105 1150 2164; x_wconf 90' lang='lat' dir='ltr'><strong>ideo</strong></span> 
     </span>
     <span class='ocr_line' id='line_1_22' title="bbox 107 2193 1151 2280; baseline -0.003 -28"><span class='ocrx_word' id='word_1_185' title='bbox 107 2193 208 2276; x_wconf 77' lang='lat' dir='ltr'><strong>defixit</strong></span> <span class='ocrx_word' id='word_1_186' title='bbox 222 2195 333 2258; x_wconf 77' lang='lat' dir='ltr'><strong>luminu</strong></span> <span class='ocrx_word' id='word_1_187' title='bbox 346 2201 440 2280; x_wconf 76' lang='lat' dir='ltr'><strong>mqnis</strong></span> <span class='ocrx_word' id='word_1_188' title='bbox 453 2197 569 2280; x_wconf 77' lang='lat' dir='ltr'><em>Libyae:</em></span> <span class='ocrx_word' id='word_1_189' title='bbox 583 2219 658 2258; x_wconf 90' lang='lat' dir='ltr'><strong>nam</strong></span> <span class='ocrx_word' id='word_1_190' title='bbox 670 2197 763 2280; x_wconf 75' lang='lat' dir='ltr'><strong>defiqo</strong></span> <span class='ocrx_word' id='word_1_191' title='bbox 773 2197 937 2280; x_wconf 87' lang='lat' dir='ltr'><strong>specialem</strong></span> <span class='ocrx_word' id='word_1_192' title='bbox 950 2193 1109 2278; x_wconf 88' lang='lat' dir='ltr'><strong>quandam</strong></span> <span class='ocrx_word' id='word_1_193' title='bbox 1121 2203 1151 2250; x_wconf 89' lang='lat' dir='ltr'><strong>et</strong></span> 
     </span>
     <span class='ocr_line' id='line_1_23' title="bbox 98 2279 1151 2367; baseline -0.001 -27"><span class='ocrx_word' id='word_1_194' title='bbox 98 2284 296 2364; x_wconf 83' lang='lat' dir='ltr'><strong>exquisitam</strong></span> <span class='ocrx_word' id='word_1_195' title='bbox 312 2306 421 2345; x_wconf 90' lang='lat' dir='ltr'><strong>curam</strong></span> <span class='ocrx_word' id='word_1_196' title='bbox 434 2287 550 2366; x_wconf 80' lang='lat' dir='ltr'><strong>signat3</strong></span> <span class='ocrx_word' id='word_1_197' title='bbox 568 2285 639 2346; x_wconf 89' lang='lat' dir='ltr'><strong>ideo</strong></span> <span class='ocrx_word' id='word_1_198' title='bbox 651 2299 761 2367; x_wconf 90' lang='lat' dir='ltr'><strong>postea</strong></span> <span class='ocrx_word' id='word_1_199' title='bbox 773 2308 846 2346; x_wconf 91' lang='lat' dir='ltr'><strong>cum</strong></span> <span class='ocrx_word' id='word_1_200' title='bbox 860 2285 1009 2346; x_wconf 90' lang='lat' dir='ltr'><strong>relatione</strong></span> <span class='ocrx_word' id='word_1_201' title='bbox 1023 2282 1063 2342; x_wconf 87' lang='lat' dir='ltr'><strong>ad</strong></span> <span class='ocrx_word' id='word_1_202' title='bbox 1074 2279 1151 2354; x_wconf 83' lang='lat' dir='ltr'><strong>hoc,</strong></span> 
     </span>
     <span class='ocr_line' id='line_1_24' title="bbox 111 2367 1148 2457; baseline -0.003 -27"><span class='ocrx_word' id='word_1_203' title='bbox 111 2370 179 2431; x_wconf 81' lang='lat' dir='ltr'><strong>tales</strong></span> <span class='ocrx_word' id='word_1_204' title='bbox 183 2370 348 2454; x_wconf 83' lang='lat' dir='ltr'><strong>jactantem</strong></span> <span class='ocrx_word' id='word_1_205' title='bbox 359 2387 471 2456; x_wconf 84' lang='lat' dir='ltr'><strong>pectore</strong></span> <span class='ocrx_word' id='word_1_206' title='bbox 484 2395 576 2434; x_wconf 87' lang='lat' dir='ltr'><strong>curus.</strong></span> <span class='ocrx_word' id='word_1_207' title='bbox 591 2375 696 2436; x_wconf 86' lang='lat' dir='ltr'><strong>Potest</strong></span> <span class='ocrx_word' id='word_1_208' title='bbox 707 2377 800 2434; x_wconf 89' lang='lat' dir='ltr'><strong>ctiam</strong></span> <span class='ocrx_word' id='word_1_209' title='bbox 812 2373 963 2457; x_wconf 85' lang='lat' dir='ltr'><strong>particula</strong></span> <span class='ocrx_word' id='word_1_210' title='bbox 974 2375 1013 2433; x_wconf 89' lang='lat' dir='ltr'><strong>sic</strong></span> <span class='ocrx_word' id='word_1_211' title='bbox 1027 2367 1148 2450; x_wconf 83' lang='lat' dir='ltr'><strong>simpli·</strong></span> 
     </span>
     <span class='ocr_line' id='line_1_25' title="bbox 110 2461 1030 2544; baseline 0.002 -24"><span class='ocrx_word' id='word_1_212' title='bbox 110 2461 176 2520; x_wconf 87' lang='lat' dir='ltr'><strong>cius</strong></span> <span class='ocrx_word' id='word_1_213' title='bbox 188 2465 274 2544; x_wconf 77' lang='lat' dir='ltr'><strong>&#39;capi3</strong></span> <span class='ocrx_word' id='word_1_214' title='bbox 287 2476 324 2523; x_wconf 94' lang='lat' dir='ltr'><strong>ut</strong></span> <span class='ocrx_word' id='word_1_215' title='bbox 337 2463 435 2522; x_wconf 92' lang='lat' dir='ltr'><strong>dicat:</strong></span> <span class='ocrx_word' id='word_1_216' title='bbox 449 2465 491 2522; x_wconf 88' lang='lat' dir='ltr'><strong>sic</strong></span> <span class='ocrx_word' id='word_1_217' title='bbox 503 2461 792 2544; x_wconf 79' lang='lat' dir='ltr'><strong>despiciensconstt&#39;tit</strong></span> <span class='ocrx_word' id='word_1_218' title='bbox 802 2466 833 2523; x_wconf 86' lang='lat' dir='ltr'><strong>in</strong></span> <span class='ocrx_word' id='word_1_219' title='bbox 844 2461 909 2524; x_wconf 80' lang='lat' dir='ltr'><strong>cccli</strong></span> <span class='ocrx_word' id='word_1_220' title='bbox 919 2465 1030 2523; x_wconf 83' lang='lat' dir='ltr'><strong>vertice.</strong></span> 
     </span>
    </p>

    <p class='ocr_par' dir='ltr' id='par_1_6' title="bbox 4 2547 1151 3070">
     <span class='ocr_line' id='line_1_26' title="bbox 147 2547 1150 2634; baseline -0.002 -26"><span class='ocrx_word' id='word_1_221' title='bbox 147 2570 215 2630; x_wconf 82' lang='lat'><strong>2²7·</strong></span> <span class='ocrx_word' id='word_1_222' title='bbox 225 2553 336 2610; x_wconf 84' lang='lat' dir='ltr'><strong>lovem</strong></span> <span class='ocrx_word' id='word_1_223' title='bbox 347 2551 452 2632; x_wconf 90' lang='lat' dir='ltr'><strong>itaque</strong></span> <span class='ocrx_word' id='word_1_224' title='bbox 464 2548 533 2610; x_wconf 81' lang='lat' dir='ltr'><strong>tales</strong></span> <span class='ocrx_word' id='word_1_225' title='bbox 542 2547 790 2634; x_wconf 84' lang='lat' dir='ltr'><strong>curusjactante&#39;m</strong></span> <span class='ocrx_word' id='word_1_226' title='bbox 798 2565 925 2632; x_wconf 84' lang='lat' dir='ltr'><strong>pectore,</strong></span> <span class='ocrx_word' id='word_1_227' title='bbox 939 2553 1036 2612; x_wconf 83' lang='lat' dir='ltr'><strong>Venus</strong></span> <span class='ocrx_word' id='word_1_228' title='bbox 1046 2564 1150 2626; x_wconf 79' lang='lat' dir='ltr'><strong>aggre-</strong></span> 
     </span>
     <span class='ocr_line' id='line_1_27' title="bbox 109 2633 1151 2720; baseline -0.008 -25"><span class='ocrx_word' id='word_1_229' title='bbox 109 2635 194 2696; x_wconf 89' lang='lat' dir='ltr'><strong>ditur</strong></span> <span class='ocrx_word' id='word_1_230' title='bbox 205 2659 265 2718; x_wconf 93' lang='lat' dir='ltr'><strong>pro</strong></span> <span class='ocrx_word' id='word_1_231' title='bbox 277 2640 409 2720; x_wconf 92' lang='lat' dir='ltr'><strong>imperio</strong></span> <span class='ocrx_word' id='word_1_232' title='bbox 421 2641 565 2698; x_wconf 88' lang='lat' dir='ltr'><strong>Romano</strong></span> <span class='ocrx_word' id='word_1_233' title='bbox 575 2636 719 2698; x_wconf 88' lang='lat' dir='ltr'><strong>sollicita.</strong></span> <span class='ocrx_word' id='word_1_234' title='bbox 731 2638 867 2698; x_wconf 89' lang='lat' dir='ltr'><strong>Verbum</strong></span> <span class='ocrx_word' id='word_1_235' title='bbox 872 2634 1035 2719; x_wconf 80' lang='lat' dir='ltr'><strong>jactantem</strong></span> <span class='ocrx_word' id='word_1_236' title='bbox 1046 2633 1151 2712; x_wconf 76' lang='lat' dir='ltr'><strong>signat</strong></span> 
     </span>
     <span class='ocr_line' id='line_1_28' title="bbox 4 2716 1151 2807; baseline -0.01 -23"><span class='ocrx_word' id='word_1_237' title='bbox 4 2751 5 2791; x_wconf 82' lang='lat'>3</span> <span class='ocrx_word' id='word_1_238' title='bbox 108 2725 224 2784; x_wconf 87' lang='lat' dir='ltr'><strong>molem</strong></span> <span class='ocrx_word' id='word_1_239' title='bbox 237 2725 395 2807; x_wconf 87' lang='lat' dir='ltr'><strong>quandam</strong></span> <span class='ocrx_word' id='word_1_240' title='bbox 409 2725 650 2805; x_wconf 78' lang='lat' dir='ltr'><strong>cogitationum,</strong></span> <span class='ocrx_word' id='word_1_241' title='bbox 663 2739 698 2784; x_wconf 92' lang='lat' dir='ltr'><strong>ut</strong></span> <span class='ocrx_word' id='word_1_242' title='bbox 708 2725 824 2805; x_wconf 81' lang='lat' dir='ltr'><strong>grande</strong></span> <span class='ocrx_word' id='word_1_243' title='bbox 834 2722 969 2802; x_wconf 90' lang='lat' dir='ltr'><strong>aliquid,</strong></span> <span class='ocrx_word' id='word_1_244' title='bbox 981 2716 1065 2798; x_wconf 92' lang='lat' dir='ltr'><strong>quod</strong></span> <span class='ocrx_word' id='word_1_245' title='bbox 1076 2719 1151 2795; x_wconf 84' lang='lat' dir='ltr'><strong>Jup-</strong></span> 
     </span>
     <span class='ocr_line' id='line_1_29' title="bbox 5 2801 1149 2893; baseline -0.011 -22"><span class='ocrx_word' id='word_1_246' title='bbox 5 2801 6 2818; x_wconf 62' lang='grc'>’</span> <span class='ocrx_word' id='word_1_247' title='bbox 110 2814 190 2893; x_wconf 89' lang='lat' dir='ltr'><strong>piter</strong></span> <span class='ocrx_word' id='word_1_248' title='bbox 205 2827 340 2872; x_wconf 84' lang='lat' dir='ltr'><strong>versaret</strong></span> <span class='ocrx_word' id='word_1_249' title='bbox 358 2814 473 2872; x_wconf 84' lang='lat' dir='ltr'><strong>animo.</strong></span> <span class='ocrx_word' id='word_1_250' title='bbox 496 2811 649 2870; x_wconf 88' lang='lat' dir='ltr'><strong>Describit</strong></span> <span class='ocrx_word' id='word_1_251' title='bbox 666 2831 740 2871; x_wconf 90' lang='lat' dir='ltr'><strong>vero</strong></span> <span class='ocrx_word' id='word_1_252' title='bbox 759 2808 906 2869; x_wconf 91' lang='lat' dir='ltr'><strong>habitum</strong></span> <span class='ocrx_word' id='word_1_253' title='bbox 924 2802 1149 2886; x_wconf 83' lang='lat' dir='ltr'><strong>complorantis</strong></span> 
     </span>
     <span class='ocr_line' id='line_1_30' title="bbox 111 2887 1150 2974; baseline -0.013 -15"><span class='ocrx_word' id='word_1_254' title='bbox 111 2901 236 2960; x_wconf 85' lang='lat' dir='ltr'><strong>Veneris</strong></span> <span class='ocrx_word' id='word_1_255' title='bbox 248 2902 329 2959; x_wconf 91' lang='lat' dir='ltr'><strong>mira</strong></span> <span class='ocrx_word' id='word_1_256' title='bbox 339 2901 504 2974; x_wconf 85' lang='lat' dir='ltr'><strong>brevitate,</strong></span> <span class='ocrx_word' id='word_1_257' title='bbox 516 2895 593 2957; x_wconf 86' lang='lat' dir='ltr'><strong>dans</strong></span> <span class='ocrx_word' id='word_1_258' title='bbox 605 2897 652 2956; x_wconf 95' lang='lat' dir='ltr'><strong>illi</strong></span> <span class='ocrx_word' id='word_1_259' title='bbox 667 2900 699 2956; x_wconf 92' lang='lat' dir='ltr'><strong>in</strong></span> <span class='ocrx_word' id='word_1_260' title='bbox 714 2896 803 2957; x_wconf 88' lang='lat' dir='ltr'><strong>vultu</strong></span> <span class='ocrx_word' id='word_1_261' title='bbox 815 2895 990 2968; x_wconf 89' lang='lat' dir='ltr'><strong>tristitiam;</strong></span> <span class='ocrx_word' id='word_1_262' title='bbox 1002 2893 1037 2952; x_wconf 91' lang='lat' dir='ltr'><strong>in</strong></span> <span class='ocrx_word' id='word_1_263' title='bbox 1051 2887 1150 2950; x_wconf 88' lang='lat' dir='ltr'><strong>oculis</strong></span> 
     </span>
     <span class='ocr_line' id='line_1_31' title="bbox 109 2983 932 3070; baseline -0.009 -21"><span class='ocrx_word' id='word_1_264' title='bbox 109 2989 274 3070; x_wconf 74' lang='lat' dir='ltr'><strong>lacryma53</strong></span> <span class='ocrx_word' id='word_1_265' title='bbox 287 3003 319 3048; x_wconf 92' lang='lat' dir='ltr'><strong>et</strong></span> <span class='ocrx_word' id='word_1_266' title='bbox 331 2986 502 3070; x_wconf 84' lang='lat' dir='ltr'><strong>alloquitur,</strong></span> <span class='ocrx_word' id='word_1_267' title='bbox 518 2999 618 3046; x_wconf 87' lang='lat' dir='ltr'><strong>mater</strong></span> <span class='ocrx_word' id='word_1_268' title='bbox 628 2985 772 3047; x_wconf 91' lang='lat' dir='ltr'><strong>videlicet</strong></span> <span class='ocrx_word' id='word_1_269' title='bbox 784 3005 843 3068; x_wconf 89' lang='lat' dir='ltr'><strong>pro</strong></span> <span class='ocrx_word' id='word_1_270' title='bbox 855 2983 932 3044; x_wconf 89' lang='lat' dir='ltr'><strong>filio.</strong></span> 
     </span>
    </p>

    <p class='ocr_par' dir='ltr' id='par_1_7' title="bbox 151 3064 1150 3158">
     <span class='ocr_line' id='line_1_32' title="bbox 151 3064 1150 3158; baseline -0.009 -21"><span class='ocrx_word' id='word_1_271' title='bbox 151 3099 221 3158; x_wconf 84' lang='grc'><strong>229.</strong></span> <span class='ocrx_word' id='word_1_272' title='bbox 235 3078 287 3138; x_wconf 80' lang='lat' dir='ltr'><strong>Ait</strong></span> <span class='ocrx_word' id='word_1_273' title='bbox 301 3077 398 3157; x_wconf 79' lang='lat' dir='ltr'><strong>igitur</strong></span> <span class='ocrx_word' id='word_1_274' title='bbox 410 3073 530 3135; x_wconf 89' lang='lat' dir='ltr'><strong>exordii</strong></span> <span class='ocrx_word' id='word_1_275' title='bbox 546 3073 633 3152; x_wconf 89' lang='lat' dir='ltr'><strong>loco;</strong></span> <span class='ocrx_word' id='word_1_276' title='bbox 649 3077 829 3158; x_wconf 78' lang='lat' dir='ltr'><strong>Oluppiter,</strong></span> <span class='ocrx_word' id='word_1_277' title='bbox 848 3076 900 3158; x_wconf 85' lang='lat' dir='ltr'><strong>qui</strong></span> <span class='ocrx_word' id='word_1_278' title='bbox 913 3075 985 3154; x_wconf 74' lang='lat' dir='ltr'><strong>repis</strong></span> <span class='ocrx_word' id='word_1_279' title='bbox 997 3091 1039 3130; x_wconf 82' lang='lat' dir='ltr'><strong>res</strong></span> <span class='ocrx_word' id='word_1_280' title='bbox 1056 3064 1150 3128; x_wconf 77' lang='lat' dir='ltr'><strong>homi·</strong></span> 
     </span>
    </p>
   </div>
   <div class='ocr_carea' id='block_1_5' title="bbox 8 3208 1152 3849">
    <p class='ocr_par' dir='ltr' id='par_1_8' title="bbox 8 3208 1152 3849">
     <span class='ocr_line' id='line_1_33' title="bbox 112 3208 1151 3294; baseline -0.012 -21"><span class='ocrx_word' id='word_1_281' title='bbox 112 3233 135 3273; x_wconf 85' lang='lat' dir='ltr'><strong>et</strong></span> <span class='ocrx_word' id='word_1_282' title='bbox 151 3222 261 3292; x_wconf 88' lang='lat' dir='ltr'><strong>proprie</strong></span> <span class='ocrx_word' id='word_1_283' title='bbox 279 3219 353 3272; x_wconf 82' lang='lat' dir='ltr'><strong>dixit.</strong></span> <span class='ocrx_word' id='word_1_284' title='bbox 368 3220 402 3271; x_wconf 85' lang='lat' dir='ltr'><strong>Et</strong></span> <span class='ocrx_word' id='word_1_285' title='bbox 416 3232 455 3272; x_wconf 87' lang='lat' dir='ltr'><strong>est</strong></span> <span class='ocrx_word' id='word_1_286' title='bbox 469 3219 608 3290; x_wconf 87' lang='lat' dir='ltr'><strong>reciproca</strong></span> <span class='ocrx_word' id='word_1_287' title='bbox 651 3223 785 3294; x_wconf 80' lang='lat' dir='ltr'><strong>positivo,</strong></span> <span class='ocrx_word' id='word_1_288' title='bbox 815 3216 895 3290; x_wconf 54' lang='lat' dir='ltr'><strong>quod,</strong></span> <span class='ocrx_word' id='word_1_289' title='bbox 915 3214 983 3266; x_wconf 85' lang='lat' dir='ltr'><strong>bene</strong></span> <span class='ocrx_word' id='word_1_290' title='bbox 1010 3208 1151 3262; x_wconf 83' lang='lat' dir='ltr'><strong>advertunt</strong></span> 
     </span>
     <span class='ocr_line' id='line_1_34' title="bbox 112 3287 1149 3371; baseline -0.014 -19"><span class='ocrx_word' id='word_1_291' title='bbox 112 3299 269 3371; x_wconf 85' lang='lat' dir='ltr'><strong>metaphora</strong></span> <span class='ocrx_word' id='word_1_292' title='bbox 283 3301 390 3351; x_wconf 86' lang='lat' dir='ltr'><strong>navium</strong></span> <span class='ocrx_word' id='word_1_293' title='bbox 403 3311 434 3354; x_wconf 75' lang='lat' dir='ltr'><strong>et</strong></span> <span class='ocrx_word' id='word_1_294' title='bbox 448 3301 553 3350; x_wconf 84' lang='lat' dir='ltr'><strong>avium:</strong></span> <span class='ocrx_word' id='word_1_295' title='bbox 571 3298 609 3350; x_wconf 89' lang='lat' dir='ltr'><strong>le·</strong></span> <span class='ocrx_word' id='word_1_296' title='bbox 652 3304 731 3354; x_wconf 83' lang='lat' dir='ltr'><strong>Nasc.</strong></span> <span class='ocrx_word' id='word_1_297' title='bbox 746 3300 821 3352; x_wconf 85' lang='lat' dir='ltr'><strong>Corr.</strong></span> <span class='ocrx_word' id='word_1_298' title='bbox 835 3309 862 3348; x_wconf 90' lang='lat' dir='ltr'><strong>et</strong></span> <span class='ocrx_word' id='word_1_299' title='bbox 875 3292 928 3346; x_wconf 84' lang='lat' dir='ltr'><strong>Jul.</strong></span> <span class='ocrx_word' id='word_1_300' title='bbox 945 3288 1012 3342; x_wconf 83' lang='lat' dir='ltr'><strong>Scal.</strong></span> <span class='ocrx_word' id='word_1_301' title='bbox 1026 3287 1059 3340; x_wconf 86' lang='lat' dir='ltr'><strong>de</strong></span> <span class='ocrx_word' id='word_1_302' title='bbox 1077 3305 1149 3339; x_wconf 89' lang='lat' dir='ltr'><strong>caus.</strong></span> 
     </span>
     <span class='ocr_line' id='line_1_35' title="bbox 8 3359 1151 3452; baseline -0.018 -20"><span class='ocrx_word' id='word_1_303' title='bbox 8 3395 10 3432; x_wconf 80' lang='lat' dir='ltr'><strong>t</strong></span> <span class='ocrx_word' id='word_1_304' title='bbox 111 3381 292 3452; x_wconf 76' lang='lat' dir='ltr'><strong>gimusenim:</strong></span> <span class='ocrx_word' id='word_1_305' title='bbox 308 3379 362 3430; x_wconf 78' lang='lat' dir='ltr'><strong>«Et</strong></span> <span class='ocrx_word' id='word_1_306' title='bbox 377 3379 497 3430; x_wconf 86' lang='lat' dir='ltr'><strong>velorum</strong></span> <span class='ocrx_word' id='word_1_307' title='bbox 511 3377 609 3449; x_wconf 88' lang='lat' dir='ltr'><strong>pandi·</strong></span> <span class='ocrx_word' id='word_1_308' title='bbox 652 3373 717 3444; x_wconf 78' lang='lat' dir='ltr'><strong>ling.</strong></span> <span class='ocrx_word' id='word_1_309' title='bbox 731 3373 817 3423; x_wconf 86' lang='lat' dir='ltr'><strong>Latin.</strong></span> <span class='ocrx_word' id='word_1_310' title='bbox 835 3366 882 3418; x_wconf 86' lang='lat' dir='ltr'><strong>sed</strong></span> <span class='ocrx_word' id='word_1_311' title='bbox 900 3361 1002 3414; x_wconf 89' lang='lat' dir='ltr'><strong>indicat</strong></span> <span class='ocrx_word' id='word_1_312' title='bbox 1022 3359 1151 3411; x_wconf 81' lang='lat' dir='ltr'><strong>affectum</strong></span> 
     </span>
     <span class='ocr_line' id='line_1_36' title="bbox 112 3443 1151 3528; baseline -0.019 -18"><span class='ocrx_word' id='word_1_313' title='bbox 112 3478 169 3511; x_wconf 85' lang='lat' dir='ltr'><strong>mus</strong></span> <span class='ocrx_word' id='word_1_314' title='bbox 180 3461 237 3512; x_wconf 88' lang='lat' dir='ltr'><strong>alas</strong></span> <span class='ocrx_word' id='word_1_315' title='bbox 247 3483 259 3506; x_wconf 72' lang='lat' dir='ltr'><em>n</em></span> <span class='ocrx_word' id='word_1_316' title='bbox 275 3472 321 3511; x_wconf 88' lang='lat' dir='ltr'><strong>:et</strong></span> <span class='ocrx_word' id='word_1_317' title='bbox 337 3471 432 3511; x_wconf 88' lang='lat' dir='ltr'><strong>contra</strong></span> <span class='ocrx_word' id='word_1_318' title='bbox 448 3457 481 3510; x_wconf 88' lang='lat' dir='ltr'><strong>de</strong></span> <span class='ocrx_word' id='word_1_319' title='bbox 496 3458 608 3528; x_wconf 73' lang='lat' dir='ltr'><strong>apibusz</strong></span> <span class='ocrx_word' id='word_1_320' title='bbox 654 3453 779 3516; x_wconf 88' lang='lat' dir='ltr'><strong>Veneris,</strong></span> <span class='ocrx_word' id='word_1_321' title='bbox 795 3465 853 3519; x_wconf 82' lang='lat' dir='ltr'><strong>quae</strong></span> <span class='ocrx_word' id='word_1_322' title='bbox 864 3443 965 3496; x_wconf 90' lang='lat' dir='ltr'><strong>tristior</strong></span> <span class='ocrx_word' id='word_1_323' title='bbox 974 3451 1057 3505; x_wconf 74' lang='lat' dir='ltr'><strong>esset,</strong></span> <span class='ocrx_word' id='word_1_324' title='bbox 1070 3457 1151 3510; x_wconf 90' lang='lat' dir='ltr'><strong>quam</strong></span> 
     </span>
     <span class='ocr_line' id='line_1_37' title="bbox 115 3520 1152 3611; baseline -0.018 -20"><span class='ocrx_word' id='word_1_325' title='bbox 115 3541 207 3592; x_wconf 77' lang='lat' dir='ltr'><strong>-uare</strong></span> <span class='ocrx_word' id='word_1_326' title='bbox 226 3558 277 3611; x_wconf 86' lang='lat' dir='ltr'><strong>per</strong></span> <span class='ocrx_word' id='word_1_327' title='bbox 293 3551 410 3592; x_wconf 81' lang='lat' dir='ltr'><strong>testatem</strong></span> <span class='ocrx_word' id='word_1_328' title='bbox 428 3537 557 3608; x_wconf 89' lang='lat' dir='ltr'><strong>liquidam</strong></span> <span class='ocrx_word' id='word_1_329' title='bbox 574 3558 608 3587; x_wconf 70' lang='lat' dir='ltr'><strong>s:</strong></span> <span class='ocrx_word' id='word_1_330' title='bbox 655 3531 721 3584; x_wconf 87' lang='lat' dir='ltr'><strong>alias</strong></span> <span class='ocrx_word' id='word_1_331' title='bbox 730 3524 918 3580; x_wconf 78' lang='lat' dir='ltr'><strong>soleret-Et</strong></span> <span class='ocrx_word' id='word_1_332' title='bbox 926 3520 1152 3592; x_wconf 68' lang='lat' dir='ltr'><strong>lacrymisdflec·</strong></span> 
     </span>
     <span class='ocr_line' id='line_1_38' title="bbox 112 3598 1152 3691; baseline -0.018 -18"><span class='ocrx_word' id='word_1_333' title='bbox 112 3637 191 3691; x_wconf 90' lang='lat' dir='ltr'><strong>quum</strong></span> <span class='ocrx_word' id='word_1_334' title='bbox 205 3631 311 3672; x_wconf 87' lang='lat' dir='ltr'><strong>natatus</strong></span> <span class='ocrx_word' id='word_1_335' title='bbox 326 3621 433 3670; x_wconf 85' lang='lat' dir='ltr'><strong>navium</strong></span> <span class='ocrx_word' id='word_1_336' title='bbox 445 3620 494 3684; x_wconf 80' lang='lat' dir='ltr'><strong>sit,</strong></span> <span class='ocrx_word' id='word_1_337' title='bbox 511 3617 611 3670; x_wconf 81' lang='lat' dir='ltr'><strong>alaeve·</strong></span> <span class='ocrx_word' id='word_1_338' title='bbox 654 3623 696 3661; x_wconf 72' lang='lat' dir='ltr'><strong>tus</strong></span> <span class='ocrx_word' id='word_1_339' title='bbox 714 3603 809 3660; x_wconf 67' lang='lat' dir='ltr'><strong>habiit!</strong></span> <span class='ocrx_word' id='word_1_340' title='bbox 824 3602 932 3676; x_wconf 74' lang='lat' dir='ltr'><strong>pr0dire</strong></span> <span class='ocrx_word' id='word_1_341' title='bbox 949 3600 1025 3658; x_wconf 72' lang='lat' dir='ltr'><strong>SOlei·</strong></span> <span class='ocrx_word' id='word_1_342' title='bbox 1046 3598 1093 3650; x_wconf 80' lang='lat' dir='ltr'><strong>llle</strong></span> <span class='ocrx_word' id='word_1_343' title='bbox 1112 3612 1152 3689; x_wconf 49' lang='lat' dir='ltr'><strong>est</strong></span> 
     </span>
     <span class='ocr_line' id='line_1_39' title="bbox 111 3681 1151 3762; baseline -0.02 -12"><span class='ocrx_word' id='word_1_344' title='bbox 111 3719 141 3750; x_wconf 88' lang='lat' dir='ltr'><strong>ro</strong></span> <span class='ocrx_word' id='word_1_345' title='bbox 158 3702 257 3751; x_wconf 82' lang='lat' dir='ltr'><strong>avium.</strong></span> <span class='ocrx_word' id='word_1_346' title='bbox 275 3699 308 3749; x_wconf 87' lang='lat' dir='ltr'><strong>Et</strong></span> <span class='ocrx_word' id='word_1_347' title='bbox 327 3698 463 3750; x_wconf 87' lang='lat' dir='ltr'><strong>sciendum</strong></span> <span class='ocrx_word' id='word_1_348' title='bbox 481 3711 536 3762; x_wconf 88' lang='lat' dir='ltr'><strong>est,</strong></span> <span class='ocrx_word' id='word_1_349' title='bbox 555 3714 611 3748; x_wconf 84' lang='lat' dir='ltr'><strong>esse</strong></span> <span class='ocrx_word' id='word_1_350' title='bbox 655 3689 783 3742; x_wconf 84' lang='lat' dir='ltr'><strong>maximus</strong></span> <span class='ocrx_word' id='word_1_351' title='bbox 806 3683 901 3748; x_wconf 89' lang='lat' dir='ltr'><strong>dolor,</strong></span> <span class='ocrx_word' id='word_1_352' title='bbox 925 3681 971 3752; x_wconf 91' lang='lat' dir='ltr'><strong>qui</strong></span> <span class='ocrx_word' id='word_1_353' title='bbox 996 3690 1057 3729; x_wconf 82' lang='lat' dir='ltr'><strong>ante</strong></span> <span class='ocrx_word' id='word_1_354' title='bbox 1077 3695 1151 3728; x_wconf 79' lang='lat' dir='ltr'><strong>vocis</strong></span> 
     </span>
     <span class='ocr_line' id='line_1_40' title="bbox 111 3757 1151 3849; baseline -0.023 -18"><span class='ocrx_word' id='word_1_355' title='bbox 111 3780 261 3849; x_wconf 82' lang='lat' dir='ltr'><strong>reciprocas</strong></span> <span class='ocrx_word' id='word_1_356' title='bbox 277 3777 465 3830; x_wconf 81' lang='lat' dir='ltr'><strong>translationes</strong></span> <span class='ocrx_word' id='word_1_357' title='bbox 484 3788 511 3828; x_wconf 85' lang='lat' dir='ltr'><strong>et</strong></span> <span class='ocrx_word' id='word_1_358' title='bbox 524 3777 607 3848; x_wconf 82' lang='lat' dir='ltr'><strong>partis</strong></span> <span class='ocrx_word' id='word_1_359' title='bbox 653 3757 1151 3839; x_wconf 69' lang='lat' dir='ltr'><strong>exortum,lacrymispraecedentibus,</strong></span> 
     </span>
    </p>
   </div>
   <div class='ocr_carea' id='block_1_6' title="bbox 11 3849 805 3910">
    <p class='ocr_par' dir='ltr' id='par_1_9' title="bbox 11 3849 805 3910">
     <span class='ocr_line' id='line_1_41' title="bbox 11 3849 805 3910; baseline -0.018 1"><span class='ocrx_word' id='word_1_360' title='bbox 11 3849 12 3854; x_wconf 26' lang='lat'>¹</span> <span class='ocrx_word' id='word_1_361' title='bbox 112 3860 198 3910; x_wconf 82' lang='lat' dir='ltr'><strong>unius.</strong></span> <span class='ocrx_word' id='word_1_362' title='bbox 211 3859 281 3910; x_wconf 74' lang='lat' dir='ltr'><strong>Sero.</strong></span> <span class='ocrx_word' id='word_1_363' title='bbox 580 3879 583 3888; x_wconf 86' lang='lat'><em>=</em></span> <span class='ocrx_word' id='word_1_364' title='bbox 653 3849 805 3901; x_wconf 86' lang='lat' dir='ltr'><strong>nunciatur.</strong></span> 
     </span>
    </p>
   </div>
   <div class='ocr_carea' id='block_1_7' title="bbox 111 3919 1151 4092">
    <p class='ocr_par' dir='ltr' id='par_1_10' title="bbox 111 3919 1151 4092">
     <span class='ocr_line' id='line_1_42' title="bbox 147 3919 1148 4010; baseline -0.03 -17"><span class='ocrx_word' id='word_1_365' title='bbox 147 3940 206 3992; x_wconf 80' lang='lat'>228.</span> <span class='ocrx_word' id='word_1_366' title='bbox 220 3938 333 3991; x_wconf 85' lang='lat' dir='ltr'><strong>Tristior.</strong></span> <span class='ocrx_word' id='word_1_367' title='bbox 346 3938 389 3991; x_wconf 85' lang='lat' dir='ltr'><strong>Ne</strong></span> <span class='ocrx_word' id='word_1_368' title='bbox 398 3947 465 4010; x_wconf 88' lang='lat' dir='ltr'><strong>puta</strong></span> <span class='ocrx_word' id='word_1_369' title='bbox 476 3953 536 3988; x_wconf 85' lang='lat' dir='ltr'><strong>cum</strong></span> <span class='ocrx_word' id='word_1_370' title='bbox 549 3933 609 3987; x_wconf 76' lang='lat' dir='ltr'><strong>Ser·</strong></span> <span class='ocrx_word' id='word_1_371' title='bbox 690 3943 750 3996; x_wconf 85' lang='grc'><strong>229.</strong></span> <span class='ocrx_word' id='word_1_372' title='bbox 768 3927 805 3992; x_wconf 89' lang='lat'><strong>0,</strong></span> <span class='ocrx_word' id='word_1_373' title='bbox 825 3924 871 3998; x_wconf 82' lang='lat' dir='ltr'><strong>qui</strong></span> <span class='ocrx_word' id='word_1_374' title='bbox 889 3941 926 3975; x_wconf 82' lang='lat' dir='ltr'><strong>res</strong></span> <span class='ocrx_word' id='word_1_375' title='bbox 945 3919 1148 4006; x_wconf 70' lang='lat' dir='ltr'><strong>hominumque,</strong></span> 
     </span>
     <span class='ocr_line' id='line_1_43' title="bbox 111 4000 1151 4092; baseline -0.033 -16"><span class='ocrx_word' id='word_1_376' title='bbox 111 4019 155 4070; x_wconf 70' lang='lat' dir='ltr'><strong>tio</strong></span> <span class='ocrx_word' id='word_1_377' title='bbox 162 4021 228 4092; x_wconf 85' lang='lat' dir='ltr'><strong>poni</strong></span> <span class='ocrx_word' id='word_1_378' title='bbox 234 4018 280 4073; x_wconf 80' lang='lat' dir='ltr'><strong>hic</strong></span> <span class='ocrx_word' id='word_1_379' title='bbox 287 4037 387 4074; x_wconf 82' lang='lat' dir='ltr'><strong>nomen</strong></span> <span class='ocrx_word' id='word_1_380' title='bbox 394 4034 552 4090; x_wconf 80' lang='lat' dir='ltr'><strong>comparans</strong></span> <span class='ocrx_word' id='word_1_381' title='bbox 559 4033 609 4089; x_wconf 87' lang='lat' dir='ltr'><strong>pro</strong></span> <span class='ocrx_word' id='word_1_382' title='bbox 654 4021 705 4062; x_wconf 84' lang='lat' dir='ltr'><strong>etc.</strong></span> <span class='ocrx_word' id='word_1_383' title='bbox 716 4006 845 4072; x_wconf 69' lang='lat' dir='ltr'><strong>Graviter¹</strong></span> <span class='ocrx_word' id='word_1_384' title='bbox 852 4004 941 4074; x_wconf 86' lang='lat' dir='ltr'><strong>coepit.</strong></span> <span class='ocrx_word' id='word_1_385' title='bbox 952 4000 1014 4051; x_wconf 82' lang='lat' dir='ltr'><strong>Non</strong></span> <span class='ocrx_word' id='word_1_386' title='bbox 1023 4010 1093 4049; x_wconf 82' lang='lat' dir='ltr'><strong>emm</strong></span> <span class='ocrx_word' id='word_1_387' title='bbox 1101 4006 1151 4056; x_wconf 82' lang='lat' dir='ltr'><strong>art,</strong></span> 
     </span>
    </p>
   </div>
   <div class='ocr_carea' id='block_1_8' title="bbox 0 0 1343 4596">
    <p class='ocr_par' dir='ltr' id='par_1_11' title="bbox 0 0 1343 4596">
     <span class='ocr_line' id='line_1_44' title="bbox 0 0 1343 4596; baseline 0 0"><span class='ocrx_word' id='word_1_388' title='bbox 0 0 1343 4596; x_wconf 95' lang='lat' dir='ltr'><strong> </strong></span> 
     </span>
    </p>
   </div>
  </div>
 </body>
</html>
