2700 4586
252 321 296 386 60
580 313 963 384 COMMENTARIA

252 438 381 515 milites,
394 459 464 522 quae
477 440 583 500 omnia
595 441 706 522 apibus
721 440 913 500 tribuuntur.
927 439 1058 499 Exercet
1069 459 1144 501 vero
1159 439 1230 501 illas
1243 441 1300 502 sub
1343 483 1344 486 κ

252 525 326 600 sole,
345 540 441 588 oestate
457 548 548 602 noua,
566 548 619 610 per
634 548 703 588 rura
713 527 834 611 florea:
854 547 893 588 en
912 525 1022 609 triplex
1042 529 1300 589 circumstantia:
1343 537 1344 548 ¹

252 627 433 676 exercentur
445 614 538 678 rebus
550 618 703 698 quinque3
717 628 770 676 aut
779 618 864 677 enim
873 615 957 698 proli
967 617 1168 694 incumbunt,
1181 631 1237 678 aut
1246 617 1302 676 sti·

252 700 365 783 pandis
377 701 536 778 mellibus,
552 718 607 764 aut
619 703 830 764 distendendis
843 703 944 780 cellis,
958 718 1012 764 aut
1023 699 1213 788 accipiendis
1226 725 1303 765 one-

252 785 340 848 ribus
357 788 573 870 fatigantem,
592 805 646 852 aut
664 791 806 852 arcendis
826 789 914 852 fucis.
933 793 996 852 Cur
1013 813 1087 853 vero
1106 793 1174 854 lraec
1195 793 1303 852 studia

254 875 341 958 eligit
356 899 421 960 prae
437 880 610 941 innumeris
626 880 841 963 apicularum?
859 883 933 962 quia
948 880 1012 944 haec
1028 882 1067 942 ad
1084 900 1150 943 rem
1166 885 1303 964 aptiora.

252 963 328 1025 ldeo
340 967 462 1026 Servius
478 969 626 1029 admonet
639 967 720 1028 nihil
734 972 768 1029 in
782 968 840 1030 bac
854 972 1090 1051 comparatione
1105 969 1304 1030 redundare:

253 1073 327 1114 nam
340 1055 510 1116 Poenorum
521 1060 610 1139 operi
623 1075 719 1140 apum
730 1057 821 1119 labor
832 1069 1049 1140 comparatur:
1062 1058 1098 1118 fit
1108 1059 1207 1140 prolis
1218 1077 1306 1118 men·

253 1141 313 1217 tio,
334 1155 366 1202 et
378 1143 655 1220 domorum3'nam
668 1147 758 1207 Poeni
772 1145 882 1206 domos
896 1147 936 1206 ad
951 1144 1083 1206 salutem
1096 1152 1305 1218 construunt,

251 1230 414 1311 inquibus
428 1236 554 1316 nuptias
568 1234 739 1311 celebrent,
758 1247 789 1296 et
803 1234 988 1316 indulgeant
1001 1236 1124 1296 liberis:
1147 1232 1305 1293 custodiae

253 1317 385 1380 litorum
401 1324 544 1404 expulsio
559 1323 705 1404 fucorum
720 1323 937 1406 comparatur?
955 1337 986 1384 et
1001 1322 1035 1383 hi
1051 1320 1179 1405 qdidem
1192 1341 1306 1380 arcen-

254 1418 306 1466 tur
319 1428 337 1466 a
351 1413 555 1494 praesepibus,
567 1425 603 1472 ut
615 1411 716 1488 fures,
735 1433 802 1473 non
813 1433 832 1472 a
845 1411 967 1487 labore,
988 1413 1022 1472 in
1035 1409 1124 1492 cujus
1138 1423 1264 1490 partem
1279 1407 1306 1466 si

253 1496 410 1573 venirent,
429 1521 495 1560 non
514 1515 702 1561 arcerentur.
722 1502 768 1562 ab
786 1503 931 1561 universa
949 1500 1158 1582 explicatione
1174 1507 1305 1558 recurro

256 1582 293 1642 ad
307 1587 447 1664 voculas,
461 1591 486 1649 si
499 1611 568 1671 quae
580 1589 744 1651 difficiles:
760 1591 942 1674 ruauflorem
955 1610 1014 1672 pro
1026 1587 1154 1662 florida,
1169 1600 1206 1646 ut
1217 1587 1306 1646 fron-

256 1669 329 1746 dea,
348 1694 405 1753 pro
420 1674 616 1739 frondentia:
635 1677 778 1755 educunt,¹
796 1681 937 1762 proprie,
956 1680 1029 1760 quia
1042 1697 1109 1738 non
1120 1675 1255 1757 singulae
1269 1674 1307 1734 de

256 1759 386 1840 singulis
398 1763 590 1843 educuntur,
602 1769 656 1828 sed
669 1789 777 1828 omnes
791 1769 830 1828 de
843 1765 991 1828 omnibus
1002 1789 1009 1827 ι
1024 1769 1145 1848 stipant,
1158 1778 1189 1825 et
1202 1763 1308 1824 disten·

257 1844 343 1920 ‘lunis
356 1855 476 1932 egregie
491 1867 713 1937 opponuntur:
727 1853 807 1916 dulci
820 1847 948 1930 uectore,
968 1853 1074 1928 idest,
1093 1851 1186 1912 melle
1199 1863 1308 1910 necta·

255 1952 329 1992 reo:
350 1937 503 2016 ignauum,
523 1945 598 2023 quia
619 1944 685 2004 sine
704 1942 812 2004 aculeo
833 1942 915 2002 fuci:
935 1963 1035 2024 pecus,
1057 1942 1131 2022 quia
1153 1934 1308 2021 quicquid

257 2024 408 2102 pascitur,
424 2049 520 2110 pecus
532 2030 648 2090 dicitur
658 2053 665 2088 ε
677 2030 862 2112 praesepibus,
876 2045 948 2090 sunt
957 2029 1094 2112 presepio
1107 2029 1225 2110 quavis
1238 2026 1309 2085 loca

258 2109 375 2190 clausa,
394 2128 425 2175 et
439 2121 525 2200 quasi
541 2133 693 2202 praesepta
709 2120 829 2180 alendis
842 2119 1078 2202 statuendisque
1094 2114 1308 2178 animalibus:

258 2215 359 2262 meent
371 2215 405 2264 ut
416 2206 455 2266 ab
468 2229 536 2270 arce
550 2207 664 2269 hostes.
728 2211 731 2240 ³

298 2287 367 2362 436.
382 2293 484 2356 Habet
502 2296 555 2357 bic
574 2318 679 2358 versus
696 2299 798 2359 vicem
817 2295 1074 2380 epiphonematis.
1098 2298 1133 2356 ln
1145 2295 1247 2378 fesruet
1264 2303 1310 2351 est
1345 2335 1346 2370 3

258 2381 509 2442 accommodatio
524 2383 563 2442 ad
576 2404 656 2458 rem;
667 2406 740 2444 nam
753 2385 889 2459 dixerat,
902 2383 1152 2444 instauraremus
1169 2383 1265 2463 Tyrii.

298 2458 368 2542 437.
378 2465 451 2528 lllos
460 2489 532 2529 vere
541 2469 647 2530 felices
658 2485 763 2551 putat,
774 2473 828 2552 qui
839 2492 925 2552 paene
935 2467 974 2528 ad
984 2469 1146 2548 fastigium
1156 2467 1309 2547 perduxe-

259 2560 333 2608 runt
345 2553 469 2632 urbem,
484 2578 582 2639 quum
594 2560 662 2640 ipse
677 2579 741 2619 suae
754 2557 887 2618 necdum
901 2555 1107 2616 fundamenta
1116 2553 1241 2633 jecerit.
1259 2553 1309 2613 af-

259 2634 379 2700 fectum
394 2641 521 2723 adjuvat
536 2647 738 2706 exclamatio:
758 2645 884 2706 videbat
899 2645 983 2704 enim
998 2661 1135 2723 egressos
1145 2641 1232 2722 Tyro
1243 2641 1309 2721 jam

256 2724 333 2791 ¹fatis
358 2728 445 2792 sedes
467 2734 635 2810 invenisse,
659 2756 690 2794 se
708 2735 804 2814 Troja
826 2732 986 2794 exclusum
1006 2728 1129 2791 tamdiu
1154 2727 1310 2788 distineri,

262 2815 378 2877 Similis
393 2818 446 2882 ille
460 2821 603 2901 affectus,
621 2828 730 2907 requies
743 2846 779 2884 ea
790 2837 876 2906 parta
890 2820 1039 2894 laborum5
1054 2833 1097 2894 et,
1108 2816 1227 2904 felices,
1244 2819 1307 2900 qui·

263 2899 315 2964 bus
330 2918 372 2965 est
380 2907 507 2989 fortuna
520 2926 637 2993 peracta
651 2916 727 2984 Jurn
741 2917 803 2972 sud.
823 2913 860 2972 ln
874 2909 969 2970 verbo
982 2909 1101 2988 suspicit
1116 2917 1161 2966 est
1177 2901 1308 2964 allectus

264 2989 465 3076 admirantis,
486 3012 578 3081 atque
592 3003 762 3062 invidentia
779 3013 874 3060 tantae
889 2999 1033 3059 fortunae.
1053 2997 1127 3055 Mox
1145 2991 1310 3072 Carthagi·

263 3094 337 3140 nem
352 3085 488 3146 mediam
501 3089 627 3165 lustrat,
643 3104 673 3150 et
688 3092 802 3150 mutus
817 3090 954 3162 cunctis,
974 3084 1152 3164 nebulaque
1165 3082 1307 3151 vestitus,

263 3167 302 3244 it,
317 3171 413 3250 redit,
426 3197 462 3237 ac
475 3180 594 3238 nemini
609 3181 755 3239 cernitur.

304 3256 373 3335 ddi.
386 3264 542 3329 Sententia
554 3282 616 3344 est,
634 3267 779 3330 fuisse'in
793 3265 896 3328 media
911 3266 988 3326 urbe
1004 3263 1128 3340 lucum,
1147 3275 1178 3322 et
1191 3263 1226 3336 in
1238 3259 1307 3319 luco

301 3451 362 3518 ¹l36.
377 3460 467 3514 Fervet
474 3485 483 3525 ,·
498 3463 701 3518 concelebratur
710 3485 723 3530 3-
735 3475 765 3516 ut
809 3462 923 3516 secretio
932 3482 939 3524 ς
949 3471 980 3512 ut
989 3460 1016 3512 in
1027 3469 1118 3512 sexto:
1132 3453 1228 3526 sllulli
1237 3463 1308 3505 certa

268 3547 370 3601 ⁶⁰¹¹¹¹³s
380 3538 472 3612 stiget,
483 3556 578 3610 cessat,
586 3543 708 3596 elicimus.
716 3545 766 3600 Te·
809 3542 904 3594 domus
916 3561 924 3602 ς
936 3541 1005 3593 lucis
1016 3539 1169 3592 habitamus
1183 3535 1283 3605 opacis.
1294 3553 1305 3576 a

267 3615 367 3666 tentius
382 3637 388 3665 τ
407 3639 418 3664 ι
434 3621 566 3674 Nimirum
581 3621 626 3675 hic
643 3623 764 3674 homines
808 3622 940 3674 Dicuntur
950 3620 1022 3672 enim
1035 3617 1147 3670 heroum
1160 3615 1253 3666 anima
1268 3611 1307 3661 lu·

268 3691 375 3762 frigent.
384 3716 395 3740 ·
404 3699 578 3752 —Redotene
586 3701 703 3768 Quidam
712 3701 766 3752 ole·
810 3719 856 3754 cos
865 3714 955 3756 tenere
967 3721 973 3750 ι
984 3711 1011 3754 et
1020 3713 1081 3750 mox
1090 3693 1225 3763 sequitur:
1240 3689 1307 3740 allis

268 3788 297 3822 re
310 3773 418 3836 resgrel
431 3776 514 3829 malas
521 3780 563 3831 vel
571 3779 671 3842 bonas;
684 3780 764 3833 redo·
808 3780 938 3852 templum
955 3777 1056 3830 lunoni
1073 3775 1176 3844 ingens.
1195 3792 1206 3816 ι
1226 3769 1307 3820 Lucus

268 3847 324 3902 lere
343 3861 445 3906 tantum
461 3854 546 3918 bonas
562 3859 677 3912 tradunt.
694 3863 763 3915 Sem.
809 3872 897 3914 autem
915 3857 1028 3919 dicitur,
1043 3849 1116 3924 quod
1131 3867 1187 3901 non
1202 3847 1304 3899 luceam

303 3927 364 3996 441.
374 3930 465 3986 Luem.
474 3933 632 4009 Ubicunque
639 3939 764 4012 Virgilius
809 3957 870 3990 nont
880 3935 953 4008 quod
964 3936 1018 3986 sint
1030 3931 1068 3982 ibi
1083 3929 1202 3991 lumina,
1215 3938 1305 3978 caussa

268 4006 358 4060 lucum
370 4011 463 4082 ponit,
475 4016 594 4085 sequitur
609 4018 690 4072 etiam
702 4036 767 4072 con·
810 4017 959 4092 religionis,
969 4026 999 4068 ut
1008 4009 1118 4083 quidam
1127 4006 1230 4063 volunt.
1238 4005 1302 4059 Serv·
