2700 4586
245 320 287 386 68
572 317 953 382 COMMENTARIA

286 442 352 503 505.
368 441 446 502 Vide
456 445 549 520 πρέπον
564 439 688 518 Reginae
703 439 735 496 in
749 437 910 514 satellitio,
923 461 985 520 quo
997 443 1110 523 stipata
1123 457 1170 504 cst
1181 465 1188 504 ι
1201 442 1282 504 sedet

245 528 303 590 alte
315 527 445 601 insulis,
468 526 573 601 idest,
594 529 628 586 in
641 526 705 584 alto
720 539 751 586 et
766 529 933 606 conspicuo
948 527 1041 604 solio,
1062 536 1280 615 utconspicua

245 620 286 676 sit
298 617 462 676 omnibus:
477 635 574 696 quum
587 617 646 688 ait,
662 613 799 687 subnixa,
818 616 960 694 exprimit
974 616 1119 678 habitum
1134 621 1279 694 sedentis,

245 703 298 766 sed
311 725 371 785 qua
387 716 474 786 parte
489 703 597 783 templi
611 701 724 760 solium
737 715 802 760 erat
807 725 816 775 ;
835 704 943 782 utique
955 705 986 763 in
1000 707 1102 766 media
1113 709 1282 782 testudine,

246 791 384 852 adfores
401 793 527 852 sacrarii
543 791 692 864 lunoniS,
710 789 795 869 quod
812 794 982 852 sacrarium
999 792 1197 856 disclusum-a
1214 796 1283 857 reli-

246 904 310 964 quo
323 881 463 964 templo,
481 882 605 940 tametsi
624 881 656 938 in
678 901 714 940 eo
732 878 897 940 inclusum.
919 881 1003 957 Quid
1018 883 1169 944 veroibi?
1186 884 1284 944 Dabat

238 971 357 1054 jura-et
379 969 451 1051 leqes
468 973 549 1042 uiris,
572 971 693 1028 etiamsi
711 968 858 1028 foemina:
879 991 942 1051 qua
959 991 1031 1031 vero
1050 975 1169 1036 ratione
1188 971 1284 1034 debat

244 1059 311 1120 haec
322 1058 411 1140 jura?
422 1059 499 1118 Aliis
509 1057 591 1136 justa
603 1077 673 1138 pars
687 1055 806 1116 laboris
820 1059 1138 1138 imponebatumliis
1152 1060 1284 1120 dabatur

245 1162 345 1207 sorte:
369 1149 474 1226 itaque
491 1145 681 1226 partiebatur
696 1143 855 1218 laborem,
866 1145 932 1223 jam
946 1143 1136 1227 juste3ju1u,
1149 1145 1284 1208 ubiesse

244 1239 368 1316 poterat
383 1236 468 1294 locus
479 1233 702 1315 ¹querimoniis,
716 1245 808 1290 sorte.
1157 1283 1162 1286 .

285 1325 351 1403 509.
369 1325 427 1382 Hic
444 1344 599 1383 successus
617 1314 826 1400 inexpectatus
838 1325 1019 1384 ¹necessario
1036 1323 1182 1386 lectorem
1196 1343 1283 1388 cum·

244 1425 366 1471 movet:
388 1432 443 1485 en,
462 1431 541 1492 quos
555 1413 663 1470 AEneas
678 1407 806 1486 periisse
820 1407 913 1467 nudis
928 1409 1118 1486 crediderat,
1134 1413 1222 1478 vivos
1238 1413 1283 1468 vi-

245 1500 319 1558 det:
338 1520 426 1579 ergo,
449 1502 570 1568 AEneas,
598 1495 672 1554 uidet
695 1493 826 1552 accedere
844 1517 986 1558 concursu
1004 1519 1126 1580 meque,
1147 1511 1182 1558 ut
1191 1497 1234 1556 fit
1250 1499 1283 1556 iu

245 1587 336 1646 rebus
357 1588 466 1659 novis3
489 1583 575 1665 plebs
593 1583 677 1642 euim
695 1578 785 1641 facilc
802 1585 992 1659 concitatur,
1012 1587 1228 1666 concurritque
1247 1584 1285 1644 ad

244 1675 396 1736 videndos
415 1676 564 1746 advenas,
584 1671 753 1752 praesertim
774 1685 871 1748 veste,
891 1672 1019 1750 habitu,
1041 1690 1072 1736 et
1089 1675 1180 1735 vultu
1198 1675 1285 1736 dissi·

245 1764 345 1824 miles.
361 1764 419 1823 Sed
434 1782 512 1842 quos
524 1758 626 1818 videt?
637 1757 754 1818 Anthea
759 1803 769 1832 ,
784 1762 960 1842 Setyestum,
979 1763 1285 1836 Cloanthumtuomi-

183 1854 187 1860 ‘
245 1868 300 1916 nat
309 1855 380 1914 illos
390 1853 518 1912 honoris
529 1871 616 1928 ergo,
627 1863 658 1908 et
668 1850 742 1928 quia
753 1853 815 1908 cari
828 1853 928 1910 AEneae
938 1875 944 1908 :
955 1851 1083 1934 aliosque
1095 1858 1271 1916 Teucrorum
1276 1877 1286 1926 ,¹

245 1943 293 2003 his
309 1944 412 2002 verbis
428 1939 654 1998 discriminata
671 1937 803 1998 ducibus
821 1943 956 2000 Teucros
978 1941 1071 2016 alios,
1092 1945 1145 2023 qui
1162 1945 1288 2011 nonita

246 2029 376 2090 nobiles.
390 2023 550 2086 Procedit:
566 2025 643 2106 Quos
654 2038 716 2084 ater
725 2025 806 2086 turbo
815 2025 972 2107 dispulerat
981 2033 1107 2110 v(sequere,
1119 2043 1289 2111 reseratque

245 2119 286 2178 od
293 2113 561 2195 oruspliespeuitus.
573 2113 692 2188 Pendet
701 2112 777 2176 hius
788 2117 908 2176 occasio
917 2119 1023 2198 magni
1031 2117 1289 2194 affeetusAEneae3

247 2285 318 2332 omni
328 2292 417 2351 parte,
430 2263 562 2330 inteidum
576 2277 665 2352 aliqua
677 2301 743 2334 eon·
788 2279 874 2335 Corda
888 2295 914 2334 et
923 2285 1026 2335 Russus.
1035 2313 1068 2322 -
1078 2273 1223 2335 Testudiue.
1238 2280 1289 2333 Ca-

241 2359 344 2432 uenire.
354 2359 422 2408 Serv.
431 2356 469 2406 De
477 2356 523 2408 illa
533 2364 743 2430 comparatione,

246 2449 272 2488 et
289 2426 322 2498 de
343 2431 526 2506 Nympharum
543 2433 647 2490 choreis
664 2458 742 2510 praes·

167 2497 177 2516 ⁹
244 2527 345 2566 tantem
361 2515 505 2566 Excursum
519 2515 569 2586 XX
584 2517 660 2584 vide,
677 2532 740 2570 tom.

245 2595 283 2661 Il,
293 2599 353 2666 pag.
365 2595 417 2646 206
429 2599 455 2646 et
467 2603 541 2667 seq‘q.

261 2695 263 2706 ¹
281 2673 341 2726 505.
356 2675 432 2726 .Tu'm
446 2676 548 2747 foribus
565 2677 639 2743 Diva·
657 2677 742 2728 media

245 2755 370 2808 moadiae
390 2755 489 2826 templi.
509 2757 556 2807 Vir
574 2756 742 2808 doctissimus

246 2836 364 2896 Turnebt
376 2835 444 2888 Adv.
456 2837 502 2900 X,
511 2853 537 2888 ιι
548 2840 641 2908 ,capit
648 2838 697 2890 has
705 2839 745 2888 lo·

246 2933 303 2980 res,
319 2933 374 2965 non
390 2913 423 2966 de
442 2915 542 2991 templo
556 2917 630 2986 ipso,
645 2917 692 2968 sed
711 2916 744 2968 de

247 2993 340 3064 templi
350 2992 442 3062 adyto,
451 3006 477 3044 et
490 2996 622 3062 sacrario,
632 2996 679 3046 ubi
689 3009 747 3046 erut

246 3071 746 3126 Junonissimulacrum.lnruediaenim

245 3153 339 3226 templi
348 3163 423 3222 parte
436 3150 532 3220 (quam
544 3163 622 3204 vocat
632 3153 746 3205 mediam

247 3229 427 3300 testudinem)
443 3243 500 3281 erat
519 3229 625 3301 adytum
649 3251 747 3304 augus·

248 3315 318 3379 tius,
330 3313 373 3363 cui
386 3310 464 3384 adyto
474 3327 525 3360 suae
536 3309 621 3376 lor'es,
635 3310 669 3361 ad
680 3330 746 3382 quas

247 3391 318 3443 Dido
334 3390 420 3444 sedit:
433 3402 512 3460 atque
530 3382 597 3442 adeo
611 3402 747 3461 sture-po-

249 3483 313 3534 test,
327 3483 357 3520 ut
371 3470 463 3522 sedeat
475 3469 606 3534 adfores,
620 3471 683 3520 etin
693 3490 747 3522 me·

250 3549 294 3600 dia
302 3549 398 3618 templi
407 3549 548 3603 testudine.
562 3550 592 3598 ln
601 3547 653 3600 hoc
666 3549 745 3620 adyto

249 3641 305 3680 erat
323 3627 493 3681 simulacrum
513 3628 582 3680 illius
606 3630 744 3693 Numinis,

248 3709 293 3760 cni
309 3725 413 3756 suorum
426 3705 570 3776 templum,
586 3727 618 3760 ac
631 3709 745 3778 ¹perinde

249 3796 306 3838 erat
318 3786 345 3834 in
360 3783 448 3836 medio
460 3785 568 3854 templo.
582 3787 687 3839 Servius
701 3789 746 3838 in-

249 3875 409 3933 terpretatur
420 3862 454 3914 de
468 3866 554 3934 portis
570 3866 662 3936 templi
680 3883 745 3936 quas

234 3960 345 4013 magno
364 3941 458 3994 labore
480 3942 613 3994 etstudio
635 3963 746 3996 exorna·

251 4021 317 4080 bunt
329 4041 338 4073 s
347 4037 438 4072 verum
452 4021 577 4073 Turnebo
595 4021 746 4074 adsentiuut

788 2381 860 2413 mera
872 2364 996 2428 incurva,
1010 2363 1053 2414 vel
1064 2363 1214 2436 fornicata,
1227 2380 1288 2432 quse

787 2439 933 2491 secundum
946 2457 1004 2504 eos,
1018 2443 1064 2509 qui
1075 2441 1244 2508 scripserunt
1257 2439 1289 2492 de

787 2520 890 2569 ratione
909 2517 1086 2586 templorum,
1105 2517 1166 2567 ideo
1186 2520 1226 2569 sic
1246 2517 1289 2585 fit,

787 2603 817 2646 u't
832 2595 973 2649 simulacro
991 2596 1047 2646 caeli
1064 2595 1209 2666 imaginem
1225 2597 1290 2651 red-

788 2674 848 2740 dat,
860 2673 933 2745 quod
946 2686 1050 2726 constat
1062 2690 1118 2726 esse
1129 2691 1288 2728 convexum.

824 2753 888 2822 507.¹
907 2755 972 2804 Jura
991 2754 1070 2804 debat
1090 2752 1215 2825 leposque.
1242 2758 1289 2807 Jue
1340 2771 1341 2778 ¹

789 2833 911 2906 generale
928 2846 988 2885 ests
1006 2853 1069 2886 natu
1082 2835 1148 2898 Lex,
1162 2836 1232 2904 juris
1251 2848 1290 2888 est

790 2915 891 2984 species
901 2933 906 2962 t
917 2930 972 2962 non
987 2924 1027 2964 est
1039 2931 1102 2984 ergo
1115 2914 1288 2966 iteratiosdns

792 2991 826 3044 ad
838 3011 893 3042 uon
905 2993 1004 3062 scripta
1017 2993 1095 3043 etiam
1107 2994 1240 3062 pcrtinet;
1254 2993 1291 3044 le·
1340 2985 1341 2988 Ἴ

791 3091 838 3144 ges
849 3071 884 3122 ad
895 3073 937 3140 jus
951 3073 1093 3140 scriptum:
1109 3071 1183 3140 quod
1201 3085 1289 3123 autem

792 3149 857 3201 dixit
883 3152 958 3215 viris,
986 3149 1020 3202 ad
1042 3150 1148 3202 laudem
1176 3151 1288 3202 Didonis

792 3243 895 3300 spectat
905 3253 911 3280 ε
924 3230 1057 3280 nonenim
1066 3231 1164 3282 totviri
1173 3231 1288 3282 foeminae

793 3311 959 3379 paruissent,
980 3310 1031 3359 nisi
1051 3311 1114 3378 quiu
1130 3313 1242 3381 egregiae
1262 3311 1288 3360 in

792 3405 823 3438 ea
834 3399 944 3438 virtutes
957 3399 1052 3438 essent.
1070 3423 1072 3428 -

827 3466 886 3518 508.
896 3467 1014 3522 Partibus
1024 3468 1229 3539 equabatjustis,
1238 3480 1287 3520 etc.

790 3546 855 3612 Quae
875 3549 1047 3598 estimatione
1063 3549 1170 3616 justitie
1189 3549 1290 3618 aequari

790 3636 929 3695 poterant,
949 3624 1133 3676 distribuebat,
1152 3625 1220 3691 Quae
1240 3643 1288 3676 au-

791 3717 844 3756 tem
856 3716 951 3756 natura
963 3723 1011 3756 sua
1021 3705 1056 3756 ad
1067 3705 1177 3775 plenum
1189 3706 1288 3775 aequari

790 3803 844 3836 non
857 3797 990 3854 poterant,
999 3785 1076 3836 sortis
1083 3783 1187 3852 judicio
1197 3784 1289 3848 dabat,

790 3868 877 3936 utqui
893 3867 998 3936 gravius
1010 3881 1082 3915 onus
1099 3863 1218 3930 subiret,
1234 3867 1288 3916 for-

791 3955 880 3996 tuuarn
898 3961 990 4009 suam,
1007 3961 1062 3995 non
1077 3945 1199 4014 reginam
1213 3961 1290 3997 accu-

791 4035 868 4075 saret.
882 4023 976 4072 Donat.
