2670 4596
355 304 360 308 ,
415 265 753 350 nrsoursrrro.

391 437 427 506 E
424 441 495 535 pici
508 441 667 508 caminis
682 437 777 536 lepes.

110 603 310 676 Nonnullis
319 605 399 704 jam
412 607 572 680 aetatibus
585 608 717 680 Iliados
732 627 766 680 et
779 609 948 708 Odysseae
962 611 1040 686 laus
1054 619 1107 686 in·

5 725 6 728 ’
66 735 302 808 veteraverat,
328 748 446 819 quum
468 723 618 795 eruditis
638 741 755 800 metus
775 725 946 810 subortus
970 746 1040 818 est,
1062 756 1109 800 ne

67 838 236 908 micantes
251 861 294 906 ex
310 835 376 907 illo
399 841 482 937 igne
501 836 663 936 fulgores
684 839 905 936 dispersione
925 869 1108 916 evanesce·

66 966 159 1040 rent,
178 977 272 1022 neve
286 955 369 1022 satis
384 967 480 1022 certo
496 952 634 1022 indicio
649 969 793 1024 caetcros
808 954 852 1024 ad
868 960 1108 1036 imitationem
1170 933 1174 956 ¹

66 1069 293 1162 optimorum
302 1065 562 1164 exemplarium
570 1065 802 1139 adducerent.
810 1059 1109 1167 Itaquelateniem

66 1179 136 1250 sub
161 1183 232 1250 istis
257 1179 487 1277 poematibus
509 1197 621 1251 artem
643 1180 930 1280 indagaverunt,
957 1187 1111 1266 etunde

67 1320 220 1392 egressa,
240 1295 375 1394 quibus
385 1295 600 1373 incederent
615 1297 823 1386 itineribus,
845 1325 957 1396 quam
972 1302 1018 1373 ad
1034 1327 1111 1374 me-

71 1427 141 1483 tam
157 1415 300 1482 animos
315 1410 378 1484 illa
393 1427 577 1509 raperent,
601 1438 643 1484 ex
661 1437 699 1482 se
712 1428 746 1482 et
763 1411 841 1484 aliis
853 1397 1110 1514 quaesiverunt.

69 1525 156 1596 lnde
171 1530 345 1598 carminis
367 1531 457 1625 epici
479 1525 591 1626 leges:
618 1552 685 1623 nec
704 1531 861 1617 mirum,
885 1533 914 1600 si
933 1555 1010 1602 non
1026 1555 1112 1628 epos

70 1645 188 1738 ipsum
204 1659 480 1740 praecesserunt3
503 1643 606 1742 quod
626 1648 663 1714 in
684 1647 817 1715 caeteris
836 1669 985 1742 quoque
1002 1645 1113 1718 rebus
1145 1635 1148 1639 ’

67 1754 306 1828 animadverti
319 1773 452 1854 potest,
470 1755 638 1850 homines
653 1757 800 1856 ingenio
814 1762 914 1856 prius
928 1786 1041 1857 quam
1054 1761 1111 1858 ju-

69 1871 164 1942 dicio
179 1898 264 1944 usos
279 1898 369 1960 esse,
393 1899 460 1944 nec
479 1873 568 1970 quid
590 1889 818 1972 quantumve
833 1891 954 1946 mente
971 1874 1113 1948 efficere

66 1985 245 2076 valerent,
264 1991 365 2084 prius
380 1987 448 2060 sibi
461 1992 693 2076 conscivisse,
710 2015 821 2086 quam
840 2014 982 2088 magnae
997 1988 1113 2063 alicu÷

62 2103 125 2200 jus
140 2102 305 2174 audaciae
318 2102 524 2205 spectaculo
540 2105 719 2176 admoniti
731 2102 892 2180 fuissent.

170 2282 341 2350 Homerus
354 2295 472 2352 vatum
486 2282 678 2378 Epicurum
696 2279 766 2350 dux
782 2295 814 2350 et
826 2277 1012 2378 exemplar.

5 2509 7 2530 ι
114 2453 200 2524 Scio
217 2451 343 2542 multis
355 2449 574 2548 viderileges
589 2475 630 2520 ex
646 2451 808 2524 Homero
821 2447 1048 2545 desumptas,
1066 2447 1115 2518 ad

66 2567 224 2666 ejusque
239 2592 349 2664 opera
363 2564 673 2651 accommodatas,
698 2561 792 2632 nihil
804 2563 897 2660 juris
915 2565 954 2633 in
971 2578 1116 2638 caeteros

69 2697 166 2752 rates
188 2681 363 2752 obtinere.
387 2679 563 2750 Videmus
586 2695 707 2748 tamen
726 2675 897 2758 homines
916 2679 1020 2753 novis
1039 2673 1118 2770 ple-

70 2822 231 2893 rumque
242 2794 349 2866 rebus
362 2792 559 2879 inhiantes,
572 2807 741 2888 praeterea
753 2785 937 2875 moribus,
953 2791 1118 2886 ingenio,

70 2911 199 3009 lingua
213 2911 392 3007 dispares,
415 2905 510 2979 nihil
530 2920 585 2976 tot
603 2901 741 2974 saeculis
761 2901 806 2972 ab
825 2899 1120 3000 homericaepici

70 3028 245 3096 carminis
269 3022 386 3120 ligura
413 3018 606 3090 deflexisse.
634 3017 772 3088 Omnes
795 3019 858 3113 qui
879 3014 983 3088 hanc
1007 3035 1120 3090 artem

71 3148 267 3216 tentavere,
278 3129 486 3222 Homerum
496 3123 675 3196 imitando
692 3147 847 3194 suorum
862 3119 1036 3220 suffragia
1045 3148 1123 3220 cap·

72 3260 265 3317 taverunt:
285 3268 404 3340 neque
418 3240 540 3312 solum
555 3237 774 3336 Apollonius
791 3235 975 3322 Rhodius,
995 3237 1119 3332 Papin.

70 3363 226 3446 Statius,
246 3357 287 3429 C.
303 3357 411 3428 Silius
427 3355 590 3442 Italicus,
611 3369 645 3424 et
659 3368 713 3422 tot
731 3351 793 3422 alii
809 3350 993 3444 deterioris
1007 3367 1121 3440 notae,

69 3502 239 3576 quorum
250 3471 440 3546 imbecillis
451 3453 590 3543 uiribus
600 3465 872 3545 adminiculum
880 3463 949 3536 fuit
958 3484 1122 3563 expeten-

71 3593 186 3684 dum;
201 3590 265 3665 sed
280 3587 542 3684 develarissimis
557 3585 702 3684 loquor.
718 3580 826 3652 Adest
840 3579 1033 3686 Virgilius,
1049 3583 1121 3654 Ho·
1228 3611 1231 3618 ¹

73 3713 255 3779 merinon
265 3708 425 3776 imitator
432 3701 554 3776 solum
565 3757 574 3788 ,
587 3698 648 3772 sed
658 3702 761 3797 quasi
772 3701 1000 3768 continuator.
1014 3696 1123 3766 Adest

70 3825 288 3920 Torquatus
299 3821 451 3905 Tassus,
469 3817 671 3914 juventutis
692 3810 840 3898 ardore,
862 3813 997 3908 ingenii
1015 3807 1123 3902 ilam-

73 3963 159 4024 ma,
183 3936 308 4036 gloriae
330 3930 527 4030 cupiditate
547 3953 737 4014 accensus,
765 3949 840 3996 non
866 3941 986 3994 tamen
1009 3923 1123 4030 indig-

149 4053 178 4105 6.
951 4041 966 4094 b
1076 4035 1079 4042 ⁴
