2700 4586
368 301 420 366 IN
443 298 679 367 AENEIDOS
702 299 796 366 LIB.
820 302 870 366 ll.
1078 328 1133 374 101

86 423 225 488 -Acbillis
236 425 440 508 pugnavisse3
451 445 524 488 nem
533 437 564 484 et
573 443 666 505 supra
677 445 803 507 quoque
813 423 885 486 illos
896 423 1059 506 conjunxit
1068 447 1140 488 cum

88 513 357 595 Myrmidonibus.
379 513 415 574 In
437 509 496 572 hac
515 511 660 578 locorum
680 511 903 578 distributione
923 510 1139 576 animadverto

89 601 261 683 ¹quidpiam
277 621 343 664 non
357 598 503 675 obvium,
521 600 606 680 quod
619 603 774 682 aperiam,
795 615 831 664 ut
843 621 910 664 esse
921 614 1015 682 poeta
1027 601 1138 662 discas.

92 692 176 755 Loca
189 690 306 754 dividit
318 703 422 764 rates:
438 703 469 750 et
486 688 539 750 ubi
556 689 684 764 dividit,
704 711 828 752 versum
844 690 977 770 frangit,
998 711 1062 772 quo
1078 690 1140 751 dis-

92 779 225 840 tinctior
236 777 326 840 locus
337 776 490 844 videatur.
501 777 580 852 Quis
591 776 672 842 hanc
682 776 878 858 diligentiam
888 777 1140 858 habereti'Ergo,

93 867 153 925 llic
165 863 319 947 Dolopum
331 886 454 926 manns:
467 862 555 926 nulla
567 863 620 927 hic
635 885 767 940 caesura,
782 864 836 928 sed
849 864 887 926 de
899 864 1053 929 industria
1065 863 1141 926 frac-

94 968 143 1014 tus
154 975 282 1031 versus,
291 975 359 1037 ¹quo
372 953 556 1022 divisaloca
569 953 744 1034 intelligas:
759 957 873 1036 iterum
883 956 978 1016 simili
989 953 1139 1030 fractura,

94 1041 239 1104 Classibns
259 1043 307 1104 hic
327 1042 414 1110 locas.
434 1043 511 1124 Quis
533 1065 596 1107 non
616 1042 701 1107 videt
719 1043 787 1104 fieri
806 1042 911 1106 hiatus
931 1045 964 1106 in
982 1041 1140 1118 versibus,

92 1153 155 1214 quo
169 1147 205 1192 tu
219 1132 332 1192 melius
348 1134 452 1212 capias
467 1135 566 1214 spatia
580 1134 612 1191 in
625 1135 692 1214 ipsa
705 1132 846 1214 planitie.
864 1151 873 1170 ²

132 1219 180 1280 31.
200 1219 249 1280 Ab
267 1223 520 1283 commemoratis
537 1219 615 1282 locis
634 1221 747 1282 transit
763 1219 803 1282 ad
818 1239 921 1282 mores
938 1217 1024 1299 vulgi
1041 1216 1138 1298 expli-

92 1309 210 1369 candos
219 1311 288 1370 visa
301 1312 373 1392 equi
384 1309 467 1374 mole
479 1333 486 1370 ι
499 1309 534 1371 hi
546 1323 688 1392 stupent;
698 1311 857 1372 mirantur
867 1308 920 1370 alii
932 1331 939 1368 ι
952 1322 1028 1370 nota
1040 1327 1139 1388 oppo-

93 1400 238 1458 sitionem
259 1401 293 1460 in
309 1399 373 1464 illis
388 1399 499 1464 dorsum
513 1399 659 1462 exitiale:
681 1397 775 1480 longe
794 1401 878 1460 enim
898 1413 1043 1462 enatura
1064 1395 1139 1456 doni

93 1489 238 1562 eritium;
258 1487 313 1550 sed
330 1503 414 1550 amat
429 1501 524 1570 poeta
537 1487 606 1550 haec
624 1489 780 1551 acumina.
800 1485 858 1548 Sed
874 1507 929 1548 cur
941 1483 1068 1567 stupor?
1085 1505 1140 1544 cur

93 1575 280 1640 admiratio?
292 1593 404 1660 stupor
415 1580 516 1642 oritur
528 1599 565 1639 ex
578 1577 680 1652 dono;
694 1575 861 1638 admiratio
874 1597 910 1638 ex
923 1573 1139 1656 magnitudine

94 1664 175 1725 doni.
190 1667 287 1744 Quod
299 1671 436 1750 pertinet
447 1667 487 1730 ad
498 1682 674 1750 stuporem,
689 1665 840 1749 plusculis
850 1665 986 1748 explico;
998 1665 1140 1747 procedit

93 1751 143 1813 bic
162 1769 278 1837 stupor
297 1777 332 1818 ex
350 1770 451 1839 poetae
468 1757 573 1818 animo
591 1777 657 1818 rem
677 1757 813 1817 scientis.
836 1755 915 1832 Quis
933 1775 997 1815 non
1014 1767 1141 1834 stupeat

91 1846 236 1934 Mineruae
246 1849 375 1928 innuptae
384 1847 452 1908 dari
463 1849 495 1908 in
506 1845 626 1908 donum
637 1845 820 1908 machinam
829 1845 939 1906 foetam
950 1845 1054 1918 armis,
1063 1845 1140 1925 'prae-

93 1946 257 2010 gemtem,
273 1929 442 2015 gravidam.
456 1933 589 1996 Audiam
601 1936 628 1995 si
640 1937 712 2016 quis
724 1933 853 2006 melius3
865 1953 939 1992 narn
951 1929 1139 1992 attributum

93 2023 223 2104 innuptae
241 2045 300 2106 pro
317 2023 380 2086 alio
396 2028 497 2086 otiose
514 2026 590 2106 poni
609 2023 728 2084 nolim:
749 2022 823 2084 volo
841 2023 934 2086 etiam
952 2019 1087 2082 liberare
1105 2021 1139 2078 in

92 2104 152 2169 bac
164 2125 256 2192 parte
268 2127 395 2194 poetam
409 2135 426 2174 a
441 2113 610 2174 calumnia.
625 2111 815 2186 Admiratio,
828 2109 913 2170 dicet
923 2107 1050 2190 aliquis,
1063 2128 1140 2188 prae·

91 2196 200 2259 cedere
220 2198 380 2262 debuisset
400 2214 577 2284 stuporem,
598 2222 662 2262 non
681 2214 809 2262 contra:
829 2218 905 2259 nam
924 2215 1020 2278 quum
1036 2195 1138 2274 majus

92 2285 244 2366 quiddam
258 2289 299 2349 sit
309 2304 434 2371 stupor,
447 2291 548 2350 oratio
560 2301 729 2351 cresceret:
742 2301 778 2348 ut
789 2306 862 2348 vera
876 2284 941 2347 lroec
951 2303 1015 2344 esse
1024 2281 1139 2358 fateor,

91 2377 135 2435 sic
155 2378 253 2436 etiam
273 2376 342 2439 dico
361 2381 571 2442 necessariam
590 2378 687 2440 fuisse
706 2377 916 2438 mutationem
937 2375 970 2433 in
988 2385 1084 2455 poeta
1102 2391 1140 2431 ex

91 2480 202 2526 natura
222 2471 419 2530 animorum:
441 2490 540 2552 quum
558 2489 607 2530 res
627 2467 732 2550 aliqua
753 2478 930 2528 monstrosa
951 2459 1138 2534 admodum,

91 2556 255 2630 inusitata,
268 2557 450 2637 prodigiosa
462 2559 612 2633 cernitur,
624 2555 732 2618 subito
742 2568 855 2636 stupor
864 2565 1043 2614 cernentem
1053 2550 1139 2610 inva-

92 2641 155 2703 dit:
177 2646 204 2703 si
220 2647 353 2706 verorei
367 2643 414 2705 illi
429 2665 604 2720 assuescas,
624 2647 738 2711 senties
754 2640 907 2725 paulatini
920 2653 1082 2720 stuporem
1093 2654 1140 2696 re·

93 2733 190 2808 mitti,
205 2743 237 2792 et
252 2753 377 2794 manere
386 2745 511 2795 tantum
521 2732 764 2794 admirationem
776 2731 821 2790 rei
831 2729 920 2788 viam:
934 2726 979 2784 sic
990 2722 1139 2795 defend03

93 2835 126 2879 tu
137 2835 174 2880 ut
187 2823 299 2882 mavis.
320 2824 442 2904 Pergit:
457 2825 623 2904 primusque
637 2820 814 2900 Thymoetes,
829 2829 888 2875 etc.
910 2815 970 2872 Hic
985 2811 1139 2890 suspicio,

10 2927 11 2930 ’
92 2909 286 2993 Thymoetem
296 2933 314 2972 a
323 2914 440 2974 Graecis
450 2913 587 2986 stetisse;
600 2909 683 2971 unde
694 2921 804 2990 poeta,
816 2907 874 2964 siue
884 2899 953 2962 dolo
964 2920 1029 2960 rem
1043 2897 1140 2958 ambi-

92 3021 185 3080 guam
193 3001 383 3082 relinquens.
390 3002 487 3078 Quasi
494 2999 588 3076 dican
595 2999 645 3060 vel
654 2997 778 3058 locums
789 3015 860 3056 cum
869 2990 943 3052 dolo
951 2988 1139 3071 Thymoeten

92 3089 139 3149 rel
156 3089 221 3151 fata
237 3090 339 3172 Trojae
355 3090 513 3152 ducebant
529 3110 587 3150 nos
604 3088 643 3148 ad
660 3089 800 3148 exitium.
822 3085 898 3144 Post
917 3076 1041 3141 exitiale
1057 3074 1139 3156 Thy·

93 3191 194 3239 moetae
211 3175 393 3255 consilium,
413 3179 557 3261 sequitur
571 3175 706 3237 salutare
723 3172 874 3244 aliorum,
894 3181 925 3228 et
943 3186 1016 3228 cum
1034 3161 1139 3223 studio

125 3369 170 3422 30.
184 3370 308 3426 mattas
318 3371 360 3426 tta
371 3372 449 3428 locus.
462 3374 548 3445 Magis
559 3371 594 3426 ed
638 3365 861 3439 midapcrtant.
871 3353 1141 3446 „EtTurnebutGlut-

94 3449 195 3517 equites
213 3448 342 3504 debemus
355 3453 472 3506 referre:
491 3465 520 3504 ut
532 3453 591 3504 AEn.
637 3469 674 3506 ser
685 3450 728 3504 bic
738 3447 772 3502 de
783 3444 900 3500 exercitu
910 3436 1041 3512 pedestri,
1049 3445 1143 3506 Ρθῑῑῑῑε

93 3527 222 3597 v11,.716=
235 3531 352 3584 liertiae
361 3531 472 3593 classem
485 3531 593 3584 undeet
639 3547 720 3600 qnam
744 3527 777 3578 de
799 3519 906 3586 navali,
930 3520 1137 3586 interpretatur:

93 3606 196 3660 classica
217 3608 350 3664 dictantur,
370 3611 443 3664 S.-
460 3611 590 3666 Classibut.
637 3608 738 3672 xxvi,
752 3621 793 3658 2²·

93 3686 153 3739 Non
158 3689 282 3755 navibus,
288 3689 336 3743 sed
342 3691 500 3746 exercitibus
508 3712 515 3743 :
523 3702 594 3744 vete·
673 3686 715 3740 31.
725 3686 855 3754 innupto·
866 3681 933 3746 Quae
943 3692 1082 3746 mm‘lm'
1092 3689 1140 3724 Μ’

94 3784 134 3818 res
159 3769 231 3822 enim
256 3769 370 3824 classem
397 3789 448 3841 pro
476 3771 593 3824 exercitu
637 3767 693 3820 bit:
707 3783 769 3818 nam
782 3764 858 3832 virgo
878 3768 966 3830 potest
981 3766 1008 3808 θῑ
1025 3753 1135 3806 nubem·

92 3860 272 3919 sumpserunt.
286 3847 392 3902 Servius
406 3851 435 3902 iu
450 3847 553 3902 AEneid.
565 3848 592 3898 I:
638 3875 673 3886 -
686 3845 802 3898 Donum·
821 3835 977 3906 Ἀμφιβῦλῖᾱ,
993 3851 1048 3886 ¹¹⁰ss
1065 3828 1139 3904 q¹¹⁰d

95 3927 218 3981 «Classis
235 3925 283 3980 riri
300 3931 345 3982 cois
364 3926 460 3991 maai,
480 3928 551 3980 unde
568 3938 595 3980 et
639 3926 699 3995 ipsa
715 3922 807 3983 dedit,
825 3918 873 3972 sed
892 3915 966 3988 quod
981 3913 1006 3964 ei
1020 3909 1141 3962 ‘’blau'm

93 4005 214 4072 calones,
227 4009 274 4078 'qui
285 4008 371 4080 ligna,
384 4020 410 4061 et
422 4009 505 4060 fustes
515 4020 542 4060 et
552 4027 594 4058 aa·
639 4017 687 4058 est.
699 4032 735 4046 ...
743 3995 1000 4065 Exitialc'lrojanit·
1011 3990 1080 4044 Serv·
