<?xml version="1.0" encoding="UTF-8"?>
<!DOCTYPE html PUBLIC "-//W3C//DTD XHTML 1.0 Transitional//EN"
    "http://www.w3.org/TR/xhtml1/DTD/xhtml1-transitional.dtd">
<html xmlns="http://www.w3.org/1999/xhtml" xml:lang="en" lang="en">
 <head>
  <title>
</title>
<meta http-equiv="Content-Type" content="text/html;charset=utf-8" />
  <meta name='ocr-system' content='tesseract 3.04.00' />
  <meta name='ocr-capabilities' content='ocr_page ocr_carea ocr_par ocr_line ocrx_word'/>
</head>
<body>
  <div class='ocr_page' id='page_1' title='image "./pvirgiliusmaroq02barbgoog_0522.png"; bbox 0 0 2644 4614; ppageno 0'>
   <div class='ocr_carea' id='block_1_1' title="bbox 243 297 953 537">
    <p class='ocr_par' dir='ltr' id='par_1_1' title="bbox 243 297 953 537">
     <span class='ocr_line' id='line_1_1' title="bbox 243 297 953 394; baseline -0.008 -24"><span class='ocrx_word' id='word_1_1' title='bbox 243 305 306 394; x_wconf 74' lang='lat'>478</span> <span class='ocrx_word' id='word_1_2' title='bbox 570 297 953 366; x_wconf 81' lang='lat' dir='ltr'>COMMENTARIA</span> 
     </span>
     <span class='ocr_line' id='line_1_2' title="bbox 619 465 911 537; baseline -0.007 -1"><span class='ocrx_word' id='word_1_3' title='bbox 619 465 911 537; x_wconf 82' lang='lat' dir='ltr'><strong>EXPLICATIO.</strong></span> 
     </span>
    </p>
   </div>
   <div class='ocr_carea' id='block_1_2' title="bbox 239 625 1291 1246">
    <p class='ocr_par' dir='ltr' id='par_1_2' title="bbox 239 625 1291 1246">
     <span class='ocr_line' id='line_1_3' title="bbox 285 625 1288 710; baseline -0.005 -17"><span class='ocrx_word' id='word_1_4' title='bbox 285 655 309 692; x_wconf 90' lang='lat' dir='ltr'>r.</span> <span class='ocrx_word' id='word_1_5' title='bbox 331 630 430 701; x_wconf 83' lang='lat' dir='ltr'>Dicit,</span> <span class='ocrx_word' id='word_1_6' title='bbox 452 625 556 686; x_wconf 87' lang='lat' dir='ltr'>subito</span> <span class='ocrx_word' id='word_1_7' title='bbox 576 625 719 686; x_wconf 86' lang='lat' dir='ltr'>turbatos</span> <span class='ocrx_word' id='word_1_8' title='bbox 746 625 868 685; x_wconf 85' lang='lat' dir='ltr'>animos</span> <span class='ocrx_word' id='word_1_9' title='bbox 892 625 1082 686; x_wconf 84' lang='lat' dir='ltr'>Latinorum</span> <span class='ocrx_word' id='word_1_10' title='bbox 1110 627 1154 686; x_wconf 84' lang='lat' dir='ltr'>ad</span> <span class='ocrx_word' id='word_1_11' title='bbox 1177 629 1288 710; x_wconf 77' lang='lat' dir='ltr'>signum</span> 
     </span>
     <span class='ocr_line' id='line_1_4' title="bbox 241 711 1289 804; baseline -0.006 -22"><span class='ocrx_word' id='word_1_12' title='bbox 241 717 328 804; x_wconf 92' lang='lat' dir='ltr'>quod</span> <span class='ocrx_word' id='word_1_13' title='bbox 341 717 464 777; x_wconf 85' lang='lat' dir='ltr'>Turnus</span> <span class='ocrx_word' id='word_1_14' title='bbox 481 711 521 774; x_wconf 91' lang='lat' dir='ltr'>ab</span> <span class='ocrx_word' id='word_1_15' title='bbox 539 735 606 775; x_wconf 85' lang='lat' dir='ltr'>arce</span> <span class='ocrx_word' id='word_1_16' title='bbox 624 713 748 788; x_wconf 84' lang='lat' dir='ltr'>extulit;</span> <span class='ocrx_word' id='word_1_17' title='bbox 769 713 807 774; x_wconf 83' lang='lat' dir='ltr'>ad</span> <span class='ocrx_word' id='word_1_18' title='bbox 824 735 943 776; x_wconf 83' lang='lat' dir='ltr'>cornua</span> <span class='ocrx_word' id='word_1_19' title='bbox 959 734 1094 776; x_wconf 87' lang='lat' dir='ltr'>raucum</span> <span class='ocrx_word' id='word_1_20' title='bbox 1114 719 1289 800; x_wconf 84' lang='lat' dir='ltr'>strepentia;</span> 
     </span>
     <span class='ocr_line' id='line_1_5' title="bbox 241 802 1291 890; baseline -0.004 -20"><span class='ocrx_word' id='word_1_21' title='bbox 241 809 280 871; x_wconf 89' lang='lat' dir='ltr'>ad</span> <span class='ocrx_word' id='word_1_22' title='bbox 293 828 387 890; x_wconf 90' lang='lat' dir='ltr'>equos</span> <span class='ocrx_word' id='word_1_23' title='bbox 399 823 579 878; x_wconf 83' lang='lat' dir='ltr'>concussos3</span> <span class='ocrx_word' id='word_1_24' title='bbox 599 802 638 863; x_wconf 88' lang='lat' dir='ltr'>ad</span> <span class='ocrx_word' id='word_1_25' title='bbox 653 802 789 885; x_wconf 85' lang='lat' dir='ltr'>impulsa</span> <span class='ocrx_word' id='word_1_26' title='bbox 803 824 906 864; x_wconf 83' lang='lat' dir='ltr'>arma:</span> <span class='ocrx_word' id='word_1_27' title='bbox 928 804 986 864; x_wconf 88' lang='lat' dir='ltr'>ista</span> <span class='ocrx_word' id='word_1_28' title='bbox 1001 807 1089 864; x_wconf 87' lang='lat' dir='ltr'>enim</span> <span class='ocrx_word' id='word_1_29' title='bbox 1103 810 1218 866; x_wconf 88' lang='lat' dir='ltr'>omnia</span> <span class='ocrx_word' id='word_1_30' title='bbox 1230 819 1291 866; x_wconf 82' lang='lat' dir='ltr'>nata</span> 
     </span>
     <span class='ocr_line' id='line_1_6' title="bbox 241 893 1290 981; baseline -0.007 -22"><span class='ocrx_word' id='word_1_31' title='bbox 241 898 385 981; x_wconf 82' lang='lat' dir='ltr'>inprimis</span> <span class='ocrx_word' id='word_1_32' title='bbox 404 893 442 956; x_wconf 80' lang='lat' dir='ltr'>ad</span> <span class='ocrx_word' id='word_1_33' title='bbox 464 893 694 968; x_wconf 74' lang='lat' dir='ltr'>turbationem,</span> <span class='ocrx_word' id='word_1_34' title='bbox 716 913 812 972; x_wconf 92' lang='lat' dir='ltr'>quum</span> <span class='ocrx_word' id='word_1_35' title='bbox 834 895 1008 974; x_wconf 78' lang='lat' dir='ltr'>praesertim</span> <span class='ocrx_word' id='word_1_36' title='bbox 1026 895 1125 955; x_wconf 88' lang='lat' dir='ltr'>multi</span> <span class='ocrx_word' id='word_1_37' title='bbox 1144 898 1290 956; x_wconf 84' lang='lat' dir='ltr'>nescirent</span> 
     </span>
     <span class='ocr_line' id='line_1_7' title="bbox 240 980 1289 1068; baseline -0.009 -18"><span class='ocrx_word' id='word_1_38' title='bbox 240 985 447 1068; x_wconf 76' lang='lat' dir='ltr'>Troianorum</span> <span class='ocrx_word' id='word_1_39' title='bbox 457 983 624 1044; x_wconf 86' lang='lat' dir='ltr'>adventum</span> <span class='ocrx_word' id='word_1_40' title='bbox 637 1005 645 1041; x_wconf 76' lang='grc' dir='ltr'>ε</span> <span class='ocrx_word' id='word_1_41' title='bbox 661 981 763 1042; x_wconf 84' lang='lat' dir='ltr'>fuerat</span> <span class='ocrx_word' id='word_1_42' title='bbox 773 982 857 1041; x_wconf 90' lang='lat' dir='ltr'>enim</span> <span class='ocrx_word' id='word_1_43' title='bbox 868 980 988 1042; x_wconf 87' lang='lat' dir='ltr'>beilum</span> <span class='ocrx_word' id='word_1_44' title='bbox 999 983 1108 1044; x_wconf 91' lang='lat' dir='ltr'>subito</span> <span class='ocrx_word' id='word_1_45' title='bbox 1118 1005 1289 1045; x_wconf 87' lang='lat' dir='ltr'>accensum.</span> 
     </span>
     <span class='ocr_line' id='line_1_8' title="bbox 239 1071 1289 1158; baseline -0.007 -17"><span class='ocrx_word' id='word_1_46' title='bbox 239 1080 360 1142; x_wconf 85' lang='lat' dir='ltr'>Servius</span> <span class='ocrx_word' id='word_1_47' title='bbox 381 1078 424 1136; x_wconf 87' lang='lat' dir='ltr'>ait</span> <span class='ocrx_word' id='word_1_48' title='bbox 442 1073 560 1135; x_wconf 80' lang='lat' dir='ltr'>dedisse</span> <span class='ocrx_word' id='word_1_49' title='bbox 578 1074 702 1154; x_wconf 76' lang='lat' dir='ltr'>signnm</span> <span class='ocrx_word' id='word_1_50' title='bbox 722 1071 880 1154; x_wconf 89' lang='lat' dir='ltr'>equitibus</span> <span class='ocrx_word' id='word_1_51' title='bbox 901 1073 997 1132; x_wconf 88' lang='lat' dir='ltr'>verba</span> <span class='ocrx_word' id='word_1_52' title='bbox 1015 1072 1089 1151; x_wconf 88' lang='lat' dir='ltr'>illa,</span> <span class='ocrx_word' id='word_1_53' title='bbox 1112 1089 1206 1158; x_wconf 83' lang='lat' dir='ltr'>utque</span> <span class='ocrx_word' id='word_1_54' title='bbox 1224 1097 1289 1136; x_wconf 81' lang='lat' dir='ltr'>acres</span> 
     </span>
     <span class='ocr_line' id='line_1_9' title="bbox 240 1159 1191 1246; baseline -0.007 -17"><span class='ocrx_word' id='word_1_55' title='bbox 240 1168 384 1229; x_wconf 78' lang='lat' dir='ltr'>costcussit</span> <span class='ocrx_word' id='word_1_56' title='bbox 393 1183 500 1246; x_wconf 87' lang='lat' dir='ltr'>equos:</span> <span class='ocrx_word' id='word_1_57' title='bbox 515 1159 671 1244; x_wconf 77' lang='lat' dir='ltr'>peditibus</span> <span class='ocrx_word' id='word_1_58' title='bbox 685 1181 759 1220; x_wconf 90' lang='lat' dir='ltr'>vero</span> <span class='ocrx_word' id='word_1_59' title='bbox 774 1159 846 1235; x_wconf 90' lang='lat' dir='ltr'>illa,</span> <span class='ocrx_word' id='word_1_60' title='bbox 860 1173 948 1242; x_wconf 84' lang='lat' dir='ltr'>utque</span> <span class='ocrx_word' id='word_1_61' title='bbox 960 1159 1080 1244; x_wconf 78' lang='lat' dir='ltr'>impulit</span> <span class='ocrx_word' id='word_1_62' title='bbox 1089 1181 1191 1223; x_wconf 80' lang='lat' dir='ltr'>anna.</span> 
     </span>
    </p>
   </div>
   <div class='ocr_carea' id='block_1_3' title="bbox 236 1246 1290 2758">
    <p class='ocr_par' dir='ltr' id='par_1_3' title="bbox 239 1246 1289 1519">
     <span class='ocr_line' id='line_1_10' title="bbox 278 1246 1287 1332; baseline -0.003 -20"><span class='ocrx_word' id='word_1_63' title='bbox 278 1252 309 1329; x_wconf 72' lang='lat' dir='ltr'>q.</span> <span class='ocrx_word' id='word_1_64' title='bbox 319 1252 542 1314; x_wconf 79' lang='lat' dir='ltr'>Turbationem</span> <span class='ocrx_word' id='word_1_65' title='bbox 553 1250 693 1332; x_wconf 91' lang='lat' dir='ltr'>sequitur</span> <span class='ocrx_word' id='word_1_66' title='bbox 702 1246 879 1330; x_wconf 86' lang='lat' dir='ltr'>conjuratio</span> <span class='ocrx_word' id='word_1_67' title='bbox 891 1252 986 1308; x_wconf 88' lang='lat' dir='ltr'>totius</span> <span class='ocrx_word' id='word_1_68' title='bbox 996 1251 1078 1312; x_wconf 88' lang='lat' dir='ltr'>Latii</span> <span class='ocrx_word' id='word_1_69' title='bbox 1088 1295 1098 1324; x_wconf 89' lang='lat'>,</span> <span class='ocrx_word' id='word_1_70' title='bbox 1109 1264 1140 1309; x_wconf 91' lang='lat' dir='ltr'>et</span> <span class='ocrx_word' id='word_1_71' title='bbox 1150 1251 1220 1312; x_wconf 87' lang='lat' dir='ltr'>haec</span> <span class='ocrx_word' id='word_1_72' title='bbox 1228 1273 1287 1310; x_wconf 85' lang='lat' dir='ltr'>cun</span> 
     </span>
     <span class='ocr_line' id='line_1_11' title="bbox 239 1337 1289 1423; baseline -0.006 -18"><span class='ocrx_word' id='word_1_73' title='bbox 239 1343 382 1418; x_wconf 86' lang='lat' dir='ltr'>tumultu,</span> <span class='ocrx_word' id='word_1_74' title='bbox 399 1355 434 1402; x_wconf 92' lang='lat' dir='ltr'>ut</span> <span class='ocrx_word' id='word_1_75' title='bbox 446 1360 503 1423; x_wconf 88' lang='lat' dir='ltr'>par</span> <span class='ocrx_word' id='word_1_76' title='bbox 515 1353 598 1399; x_wconf 88' lang='lat' dir='ltr'>erat:</span> <span class='ocrx_word' id='word_1_77' title='bbox 614 1337 742 1420; x_wconf 82' lang='lat' dir='ltr'>juvenes</span> <span class='ocrx_word' id='word_1_78' title='bbox 755 1357 881 1421; x_wconf 89' lang='lat' dir='ltr'>quoque</span> <span class='ocrx_word' id='word_1_79' title='bbox 894 1339 1027 1412; x_wconf 85' lang='lat' dir='ltr'>saeviunt</span> <span class='ocrx_word' id='word_1_80' title='bbox 1042 1337 1082 1400; x_wconf 84' lang='lat' dir='ltr'>ad</span> <span class='ocrx_word' id='word_1_81' title='bbox 1103 1339 1245 1416; x_wconf 88' lang='lat' dir='ltr'>bellum,</span> <span class='ocrx_word' id='word_1_82' title='bbox 1262 1357 1289 1400; x_wconf 86' lang='lat' dir='ltr'>ut</span> 
     </span>
     <span class='ocr_line' id='line_1_12' title="bbox 242 1426 629 1519; baseline -0.031 -22"><span class='ocrx_word' id='word_1_83' title='bbox 242 1435 355 1519; x_wconf 91' lang='lat' dir='ltr'>quibus</span> <span class='ocrx_word' id='word_1_84' title='bbox 368 1429 462 1489; x_wconf 84' lang='lat' dir='ltr'>insita</span> <span class='ocrx_word' id='word_1_85' title='bbox 474 1426 629 1487; x_wconf 87' lang='lat' dir='ltr'>ferocitas.</span> 
     </span>
    </p>

    <p class='ocr_par' dir='ltr' id='par_1_4' title="bbox 239 1511 1289 2133">
     <span class='ocr_line' id='line_1_13' title="bbox 279 1511 1288 1598; baseline -0.011 -11"><span class='ocrx_word' id='word_1_86' title='bbox 279 1527 309 1587; x_wconf 87' lang='lat'>6.</span> <span class='ocrx_word' id='word_1_87' title='bbox 323 1521 421 1583; x_wconf 88' lang='lat' dir='ltr'>Primi</span> <span class='ocrx_word' id='word_1_88' title='bbox 432 1517 575 1578; x_wconf 88' lang='lat' dir='ltr'>omniurn</span> <span class='ocrx_word' id='word_1_89' title='bbox 586 1517 760 1598; x_wconf 86' lang='lat' dir='ltr'>Messapus,</span> <span class='ocrx_word' id='word_1_90' title='bbox 775 1513 888 1592; x_wconf 89' lang='lat' dir='ltr'>Ufens,</span> <span class='ocrx_word' id='word_1_91' title='bbox 902 1511 1075 1576; x_wconf 83' lang='lat' dir='ltr'>Mezentius</span> <span class='ocrx_word' id='word_1_92' title='bbox 1085 1515 1122 1576; x_wconf 90' lang='lat' dir='ltr'>in</span> <span class='ocrx_word' id='word_1_93' title='bbox 1132 1538 1228 1598; x_wconf 77' lang='lat' dir='ltr'>agros</span> <span class='ocrx_word' id='word_1_94' title='bbox 1237 1517 1288 1576; x_wconf 90' lang='lat' dir='ltr'>dis-</span> 
     </span>
     <span class='ocr_line' id='line_1_14' title="bbox 240 1607 1289 1687; baseline -0.012 -8"><span class='ocrx_word' id='word_1_95' title='bbox 240 1627 386 1687; x_wconf 89' lang='lat' dir='ltr'>currunt,</span> <span class='ocrx_word' id='word_1_96' title='bbox 409 1608 574 1670; x_wconf 81' lang='lat' dir='ltr'>adducturi</span> <span class='ocrx_word' id='word_1_97' title='bbox 596 1608 729 1683; x_wconf 85' lang='lat' dir='ltr'>auxilia,</span> <span class='ocrx_word' id='word_1_98' title='bbox 758 1607 852 1666; x_wconf 85' lang='lat' dir='ltr'>etiam</span> <span class='ocrx_word' id='word_1_99' title='bbox 872 1627 944 1667; x_wconf 92' lang='lat' dir='ltr'>cum</span> <span class='ocrx_word' id='word_1_100' title='bbox 964 1621 1162 1668; x_wconf 88' lang='lat' dir='ltr'>nocumento</span> <span class='ocrx_word' id='word_1_101' title='bbox 1183 1611 1289 1668; x_wconf 83' lang='lat' dir='ltr'>victus:</span> 
     </span>
     <span class='ocr_line' id='line_1_15' title="bbox 239 1695 1289 1780; baseline -0.011 -12"><span class='ocrx_word' id='word_1_102' title='bbox 239 1727 314 1768; x_wconf 90' lang='lat' dir='ltr'>nam</span> <span class='ocrx_word' id='word_1_103' title='bbox 323 1703 456 1764; x_wconf 90' lang='lat' dir='ltr'>cultores</span> <span class='ocrx_word' id='word_1_104' title='bbox 465 1719 592 1780; x_wconf 90' lang='lat' dir='ltr'>quoque</span> <span class='ocrx_word' id='word_1_105' title='bbox 601 1719 712 1779; x_wconf 83' lang='lat' dir='ltr'>agrum</span> <span class='ocrx_word' id='word_1_106' title='bbox 723 1695 762 1757; x_wconf 87' lang='lat' dir='ltr'>ad</span> <span class='ocrx_word' id='word_1_107' title='bbox 772 1715 859 1756; x_wconf 86' lang='lat' dir='ltr'>arma</span> <span class='ocrx_word' id='word_1_108' title='bbox 868 1696 1078 1779; x_wconf 87' lang='lat' dir='ltr'>compellunt,</span> <span class='ocrx_word' id='word_1_109' title='bbox 1090 1711 1122 1757; x_wconf 90' lang='lat' dir='ltr'>ct</span> <span class='ocrx_word' id='word_1_110' title='bbox 1134 1719 1201 1778; x_wconf 90' lang='lat' dir='ltr'>qua</span> <span class='ocrx_word' id='word_1_111' title='bbox 1211 1713 1289 1772; x_wconf 76' lang='lat' dir='ltr'>eunt,</span> 
     </span>
     <span class='ocr_line' id='line_1_16' title="bbox 240 1783 1288 1868; baseline -0.011 -12"><span class='ocrx_word' id='word_1_112' title='bbox 240 1794 348 1856; x_wconf 87' lang='lat' dir='ltr'>omnia</span> <span class='ocrx_word' id='word_1_113' title='bbox 360 1800 500 1849; x_wconf 84' lang='lat' dir='ltr'>vastant:</span> <span class='ocrx_word' id='word_1_114' title='bbox 521 1787 626 1866; x_wconf 89' lang='lat' dir='ltr'>itaque</span> <span class='ocrx_word' id='word_1_115' title='bbox 642 1798 754 1868; x_wconf 77' lang='lat' dir='ltr'>coqunt</span> <span class='ocrx_word' id='word_1_116' title='bbox 767 1783 819 1845; x_wconf 93' lang='lat' dir='ltr'>bic</span> <span class='ocrx_word' id='word_1_117' title='bbox 831 1797 922 1846; x_wconf 83' lang='lat' dir='ltr'>notat</span> <span class='ocrx_word' id='word_1_118' title='bbox 936 1787 1012 1844; x_wconf 87' lang='lat' dir='ltr'>vim.</span> <span class='ocrx_word' id='word_1_119' title='bbox 1036 1787 1073 1845; x_wconf 90' lang='lat' dir='ltr'>ln</span> <span class='ocrx_word' id='word_1_120' title='bbox 1090 1783 1141 1845; x_wconf 90' lang='lat' dir='ltr'>his</span> <span class='ocrx_word' id='word_1_121' title='bbox 1155 1787 1288 1868; x_wconf 85' lang='lat' dir='ltr'>personis</span> 
     </span>
     <span class='ocr_line' id='line_1_17' title="bbox 240 1873 1289 1960; baseline -0.008 -16"><span class='ocrx_word' id='word_1_122' title='bbox 240 1882 348 1944; x_wconf 87' lang='lat' dir='ltr'>omnia</span> <span class='ocrx_word' id='word_1_123' title='bbox 357 1877 503 1960; x_wconf 82' lang='lat' dir='ltr'>propria,</span> <span class='ocrx_word' id='word_1_124' title='bbox 518 1875 604 1955; x_wconf 88' lang='lat' dir='ltr'>quod</span> <span class='ocrx_word' id='word_1_125' title='bbox 615 1875 748 1934; x_wconf 86' lang='lat' dir='ltr'>advertit</span> <span class='ocrx_word' id='word_1_126' title='bbox 759 1876 898 1946; x_wconf 87' lang='lat' dir='ltr'>Servius,</span> <span class='ocrx_word' id='word_1_127' title='bbox 910 1875 1071 1958; x_wconf 84' lang='lat' dir='ltr'>Messapus</span> <span class='ocrx_word' id='word_1_128' title='bbox 1082 1873 1193 1936; x_wconf 91' lang='lat' dir='ltr'>bonus</span> <span class='ocrx_word' id='word_1_129' title='bbox 1202 1897 1289 1957; x_wconf 88' lang='lat' dir='ltr'>equo,</span> 
     </span>
     <span class='ocr_line' id='line_1_18' title="bbox 240 1961 1288 2048; baseline -0.008 -18"><span class='ocrx_word' id='word_1_130' title='bbox 240 1970 279 2030; x_wconf 87' lang='lat' dir='ltr'>ad</span> <span class='ocrx_word' id='word_1_131' title='bbox 293 1969 411 2048; x_wconf 84' lang='lat' dir='ltr'>equites</span> <span class='ocrx_word' id='word_1_132' title='bbox 424 1963 574 2036; x_wconf 78' lang='lat' dir='ltr'>mittitur3</span> <span class='ocrx_word' id='word_1_133' title='bbox 594 1961 691 2022; x_wconf 83' lang='lat' dir='ltr'>Ufens</span> <span class='ocrx_word' id='word_1_134' title='bbox 708 1963 848 2043; x_wconf 78' lang='lat' dir='ltr'>egregius</span> <span class='ocrx_word' id='word_1_135' title='bbox 860 1962 970 2044; x_wconf 86' lang='lat' dir='ltr'>pedes,</span> <span class='ocrx_word' id='word_1_136' title='bbox 988 1962 1027 2021; x_wconf 81' lang='lat' dir='ltr'>ed</span> <span class='ocrx_word' id='word_1_137' title='bbox 1041 1962 1183 2044; x_wconf 83' lang='lat' dir='ltr'>pedites3</span> <span class='ocrx_word' id='word_1_138' title='bbox 1202 1983 1288 2046; x_wconf 90' lang='lat' dir='ltr'>porro</span> 
     </span>
     <span class='ocr_line' id='line_1_19' title="bbox 239 2048 1078 2133; baseline -0.01 -15"><span class='ocrx_word' id='word_1_139' title='bbox 239 2056 409 2118; x_wconf 88' lang='lat' dir='ltr'>Mezentius</span> <span class='ocrx_word' id='word_1_140' title='bbox 421 2052 536 2133; x_wconf 90' lang='lat' dir='ltr'>impius</span> <span class='ocrx_word' id='word_1_141' title='bbox 551 2051 583 2110; x_wconf 90' lang='lat' dir='ltr'>in</span> <span class='ocrx_word' id='word_1_142' title='bbox 597 2051 697 2124; x_wconf 83' lang='lat' dir='ltr'>Deos,</span> <span class='ocrx_word' id='word_1_143' title='bbox 713 2063 821 2111; x_wconf 85' lang='lat' dir='ltr'>contra</span> <span class='ocrx_word' id='word_1_144' title='bbox 833 2052 902 2132; x_wconf 90' lang='lat' dir='ltr'>pios</span> <span class='ocrx_word' id='word_1_145' title='bbox 913 2048 1078 2132; x_wconf 84' lang='lat' dir='ltr'>Trojauos.</span> 
     </span>
    </p>

    <p class='ocr_par' dir='ltr' id='par_1_5' title="bbox 236 2135 1290 2758">
     <span class='ocr_line' id='line_1_20' title="bbox 278 2135 1288 2226; baseline -0.008 -22"><span class='ocrx_word' id='word_1_146' title='bbox 278 2165 307 2226; x_wconf 91' lang='lat'>9.</span> <span class='ocrx_word' id='word_1_147' title='bbox 327 2143 400 2204; x_wconf 86' lang='lat' dir='ltr'>Post</span> <span class='ocrx_word' id='word_1_148' title='bbox 414 2141 528 2200; x_wconf 86' lang='lat' dir='ltr'>victam</span> <span class='ocrx_word' id='word_1_149' title='bbox 541 2135 683 2218; x_wconf 85' lang='lat' dir='ltr'>Trojam,</span> <span class='ocrx_word' id='word_1_150' title='bbox 704 2137 870 2198; x_wconf 88' lang='lat' dir='ltr'>Diomedes</span> <span class='ocrx_word' id='word_1_151' title='bbox 888 2140 922 2198; x_wconf 94' lang='lat' dir='ltr'>in</span> <span class='ocrx_word' id='word_1_152' title='bbox 938 2137 1054 2220; x_wconf 85' lang='lat' dir='ltr'>Apulia</span> <span class='ocrx_word' id='word_1_153' title='bbox 1071 2137 1174 2198; x_wconf 83' lang='lat' dir='ltr'>Italiae</span> <span class='ocrx_word' id='word_1_154' title='bbox 1191 2159 1288 2198; x_wconf 81' lang='lat' dir='ltr'>conse</span> 
     </span>
     <span class='ocr_line' id='line_1_21' title="bbox 239 2223 1290 2308; baseline -0.01 -15"><span class='ocrx_word' id='word_1_155' title='bbox 239 2231 344 2306; x_wconf 84' lang='lat' dir='ltr'>derat;</span> <span class='ocrx_word' id='word_1_156' title='bbox 366 2228 472 2308; x_wconf 91' lang='lat' dir='ltr'>ibique</span> <span class='ocrx_word' id='word_1_157' title='bbox 491 2227 606 2307; x_wconf 79' lang='lat' dir='ltr'>Arpos,</span> <span class='ocrx_word' id='word_1_158' title='bbox 630 2237 684 2286; x_wconf 87' lang='lat' dir='ltr'>aut</span> <span class='ocrx_word' id='word_1_159' title='bbox 701 2227 878 2308; x_wconf 79' lang='lat' dir='ltr'>Argiripam</span> <span class='ocrx_word' id='word_1_160' title='bbox 896 2223 1008 2285; x_wconf 91' lang='lat' dir='ltr'>urbem</span> <span class='ocrx_word' id='word_1_161' title='bbox 1028 2226 1235 2286; x_wconf 88' lang='lat' dir='ltr'>condiderat:</span> <span class='ocrx_word' id='word_1_162' title='bbox 1256 2223 1290 2284; x_wconf 90' lang='lat' dir='ltr'>ad</span> 
     </span>
     <span class='ocr_line' id='line_1_22' title="bbox 238 2311 1288 2397; baseline -0.01 -14"><span class='ocrx_word' id='word_1_163' title='bbox 238 2321 321 2383; x_wconf 85' lang='lat' dir='ltr'>hanc</span> <span class='ocrx_word' id='word_1_164' title='bbox 332 2319 440 2380; x_wconf 91' lang='lat' dir='ltr'>urbem</span> <span class='ocrx_word' id='word_1_165' title='bbox 451 2315 592 2377; x_wconf 88' lang='lat' dir='ltr'>Venulus</span> <span class='ocrx_word' id='word_1_166' title='bbox 602 2314 720 2397; x_wconf 81' lang='lat' dir='ltr'>legatus</span> <span class='ocrx_word' id='word_1_167' title='bbox 734 2318 879 2377; x_wconf 87' lang='lat' dir='ltr'>mittitur.</span> <span class='ocrx_word' id='word_1_168' title='bbox 894 2311 1041 2378; x_wconf 87' lang='lat' dir='ltr'>Notanda</span> <span class='ocrx_word' id='word_1_169' title='bbox 1056 2337 1133 2376; x_wconf 86' lang='lat' dir='ltr'>vero</span> <span class='ocrx_word' id='word_1_170' title='bbox 1149 2313 1288 2376; x_wconf 86' lang='lat' dir='ltr'>mandata</span> 
     </span>
     <span class='ocr_line' id='line_1_23' title="bbox 241 2404 1289 2489; baseline -0.01 -18"><span class='ocrx_word' id='word_1_171' title='bbox 241 2412 365 2484; x_wconf 83' lang='lat' dir='ltr'>omnia,</span> <span class='ocrx_word' id='word_1_172' title='bbox 377 2426 412 2468; x_wconf 88' lang='lat' dir='ltr'>ut</span> <span class='ocrx_word' id='word_1_173' title='bbox 419 2405 586 2466; x_wconf 88' lang='lat' dir='ltr'>Diomedes</span> <span class='ocrx_word' id='word_1_174' title='bbox 596 2419 814 2489; x_wconf 83' lang='lat' dir='ltr'>permoveatur</span> <span class='ocrx_word' id='word_1_175' title='bbox 824 2405 863 2466; x_wconf 90' lang='lat' dir='ltr'>ad</span> <span class='ocrx_word' id='word_1_176' title='bbox 873 2405 1028 2466; x_wconf 89' lang='lat' dir='ltr'>mittenda</span> <span class='ocrx_word' id='word_1_177' title='bbox 1038 2407 1174 2480; x_wconf 82' lang='lat' dir='ltr'>auxilia3</span> <span class='ocrx_word' id='word_1_178' title='bbox 1184 2404 1289 2486; x_wconf 86' lang='lat' dir='ltr'>jubent</span> 
     </span>
     <span class='ocr_line' id='line_1_24' title="bbox 238 2493 1289 2573; baseline -0.008 -13"><span class='ocrx_word' id='word_1_179' title='bbox 238 2503 340 2573; x_wconf 89' lang='lat' dir='ltr'>enim,</span> <span class='ocrx_word' id='word_1_180' title='bbox 362 2511 398 2558; x_wconf 91' lang='lat' dir='ltr'>ut</span> <span class='ocrx_word' id='word_1_181' title='bbox 409 2495 549 2556; x_wconf 90' lang='lat' dir='ltr'>Venulus</span> <span class='ocrx_word' id='word_1_182' title='bbox 563 2495 749 2558; x_wconf 90' lang='lat' dir='ltr'>Diomedem</span> <span class='ocrx_word' id='word_1_183' title='bbox 766 2495 891 2571; x_wconf 87' lang='lat' dir='ltr'>doceat,</span> <span class='ocrx_word' id='word_1_184' title='bbox 916 2497 1057 2569; x_wconf 80' lang='lat' dir='ltr'>Teucros,</span> <span class='ocrx_word' id='word_1_185' title='bbox 1078 2495 1199 2556; x_wconf 90' lang='lat' dir='ltr'>scilicet</span> <span class='ocrx_word' id='word_1_186' title='bbox 1216 2493 1289 2554; x_wconf 81' lang='lat' dir='ltr'>anti-</span> 
     </span>
     <span class='ocr_line' id='line_1_25' title="bbox 236 2584 1287 2670; baseline -0.008 -22"><span class='ocrx_word' id='word_1_187' title='bbox 236 2609 317 2670; x_wconf 88' lang='lat' dir='ltr'>quos</span> <span class='ocrx_word' id='word_1_188' title='bbox 330 2585 434 2646; x_wconf 88' lang='lat' dir='ltr'>hostes</span> <span class='ocrx_word' id='word_1_189' title='bbox 447 2586 643 2660; x_wconf 73' lang='lat' dir='ltr'>Graecorum,</span> <span class='ocrx_word' id='word_1_190' title='bbox 664 2589 836 2659; x_wconf 81' lang='lat' dir='ltr'>consistere,</span> <span class='ocrx_word' id='word_1_191' title='bbox 851 2585 939 2666; x_wconf 87' lang='lat' dir='ltr'>quasi</span> <span class='ocrx_word' id='word_1_192' title='bbox 950 2584 1018 2666; x_wconf 82' lang='lat' dir='ltr'>jam</span> <span class='ocrx_word' id='word_1_193' title='bbox 1031 2584 1081 2644; x_wconf 89' lang='lat' dir='ltr'>illi</span> <span class='ocrx_word' id='word_1_194' title='bbox 1093 2584 1287 2645; x_wconf 85' lang='lat' dir='ltr'>domicilium</span> 
     </span>
     <span class='ocr_line' id='line_1_26' title="bbox 238 2675 1287 2758; baseline -0.006 -20"><span class='ocrx_word' id='word_1_195' title='bbox 238 2677 391 2752; x_wconf 85' lang='lat' dir='ltr'>babeant,</span> <span class='ocrx_word' id='word_1_196' title='bbox 406 2678 507 2750; x_wconf 78' lang='lat' dir='ltr'>latio,</span> <span class='ocrx_word' id='word_1_197' title='bbox 523 2675 555 2735; x_wconf 91' lang='lat' dir='ltr'>id</span> <span class='ocrx_word' id='word_1_198' title='bbox 567 2689 628 2752; x_wconf 84' lang='lat' dir='ltr'>est,</span> <span class='ocrx_word' id='word_1_199' title='bbox 642 2679 677 2736; x_wconf 92' lang='lat' dir='ltr'>in</span> <span class='ocrx_word' id='word_1_200' title='bbox 693 2678 767 2758; x_wconf 91' lang='lat' dir='ltr'>ipsis</span> <span class='ocrx_word' id='word_1_201' title='bbox 779 2677 876 2736; x_wconf 82' lang='lat' dir='ltr'>ltaliae</span> <span class='ocrx_word' id='word_1_202' title='bbox 887 2676 1076 2737; x_wconf 86' lang='lat' dir='ltr'>visceribus:</span> <span class='ocrx_word' id='word_1_203' title='bbox 1093 2676 1209 2737; x_wconf 87' lang='lat' dir='ltr'>ducem</span> <span class='ocrx_word' id='word_1_204' title='bbox 1222 2694 1287 2734; x_wconf 80' lang='lat' dir='ltr'>vero</span> 
     </span>
    </p>
   </div>
   <div class='ocr_carea' id='block_1_4' title="bbox 694 2835 830 2896">
    <p class='ocr_par' dir='ltr' id='par_1_6' title="bbox 694 2835 830 2896">
     <span class='ocr_line' id='line_1_27' title="bbox 694 2835 830 2896; baseline 0 -1"><span class='ocrx_word' id='word_1_205' title='bbox 694 2835 830 2896; x_wconf 84' lang='lat' dir='ltr'><strong>NOTAE.</strong></span> 
     </span>
    </p>
   </div>
   <div class='ocr_carea' id='block_1_5' title="bbox 278 2982 1286 3058">
    <p class='ocr_par' dir='ltr' id='par_1_7' title="bbox 278 2982 1286 3058">
     <span class='ocr_line' id='line_1_28' title="bbox 278 2982 1286 3058; baseline -0.01 -15"><span class='ocrx_word' id='word_1_206' title='bbox 278 3007 300 3043; x_wconf 89' lang='lat' dir='ltr'>r.</span> <span class='ocrx_word' id='word_1_207' title='bbox 320 2989 355 3040; x_wconf 87' lang='lat' dir='ltr'>Ut</span> <span class='ocrx_word' id='word_1_208' title='bbox 365 2986 425 3039; x_wconf 83' lang='lat' dir='ltr'>belli</span> <span class='ocrx_word' id='word_1_209' title='bbox 436 2987 538 3058; x_wconf 72' lang='lat' dir='ltr'>siqnum</span> <span class='ocrx_word' id='word_1_210' title='bbox 546 3024 555 3051; x_wconf 91' lang='lat'>,</span> <span class='ocrx_word' id='word_1_211' title='bbox 575 2997 622 3038; x_wconf 83' lang='lat' dir='ltr'>etc.</span> <span class='ocrx_word' id='word_1_212' title='bbox 642 2987 740 3054; x_wconf 85' lang='lat' dir='ltr'>Quem·</span> <span class='ocrx_word' id='word_1_213' title='bbox 785 2986 865 3038; x_wconf 74' lang='lat' dir='ltr'>armis</span> <span class='ocrx_word' id='word_1_214' title='bbox 883 2985 965 3037; x_wconf 87' lang='lat' dir='ltr'>etiam</span> <span class='ocrx_word' id='word_1_215' title='bbox 981 2982 1082 3036; x_wconf 80' lang='lat' dir='ltr'>divinis</span> <span class='ocrx_word' id='word_1_216' title='bbox 1099 2999 1214 3037; x_wconf 81' lang='lat' dir='ltr'>ornatus</span> <span class='ocrx_word' id='word_1_217' title='bbox 1230 3001 1286 3054; x_wconf 83' lang='lat' dir='ltr'>pro-</span> 
     </span>
    </p>
   </div>
   <div class='ocr_carea' id='block_1_6' title="bbox 155 3063 1286 3138">
    <p class='ocr_par' dir='ltr' id='par_1_8' title="bbox 155 3063 1286 3138">
     <span class='ocr_line' id='line_1_29' title="bbox 155 3063 1286 3138; baseline -0.008 -14"><span class='ocrx_word' id='word_1_218' title='bbox 155 3129 158 3137; x_wconf 48' lang='lat'>,</span> <span class='ocrx_word' id='word_1_219' title='bbox 238 3067 387 3124; x_wconf 84' lang='lat' dir='ltr'>admodum</span> <span class='ocrx_word' id='word_1_220' title='bbox 395 3079 477 3138; x_wconf 82' lang='lat' dir='ltr'>poete</span> <span class='ocrx_word' id='word_1_221' title='bbox 485 3065 555 3117; x_wconf 86' lang='lat' dir='ltr'>libro</span> <span class='ocrx_word' id='word_1_222' title='bbox 563 3066 620 3130; x_wconf 82' lang='lat' dir='ltr'>vn,</span> <span class='ocrx_word' id='word_1_223' title='bbox 631 3067 740 3118; x_wconf 80' lang='lat' dir='ltr'>AEnearn</span> <span class='ocrx_word' id='word_1_224' title='bbox 785 3065 901 3118; x_wconf 87' lang='lat' dir='ltr'>cesserit.</span> <span class='ocrx_word' id='word_1_225' title='bbox 921 3066 1048 3135; x_wconf 85' lang='lat' dir='ltr'>Inprimis</span> <span class='ocrx_word' id='word_1_226' title='bbox 1068 3077 1161 3116; x_wconf 84' lang='lat' dir='ltr'>autem</span> <span class='ocrx_word' id='word_1_227' title='bbox 1179 3063 1286 3116; x_wconf 79' lang='lat' dir='ltr'>adrnira-</span> 
     </span>
    </p>
   </div>
   <div class='ocr_carea' id='block_1_7' title="bbox 232 3143 1286 4092">
    <p class='ocr_par' dir='ltr' id='par_1_9' title="bbox 232 3143 1286 4092">
     <span class='ocr_line' id='line_1_30' title="bbox 238 3143 1286 3218; baseline -0.01 -14"><span class='ocrx_word' id='word_1_228' title='bbox 238 3169 333 3214; x_wconf 81' lang='lat' dir='ltr'>sunm,</span> <span class='ocrx_word' id='word_1_229' title='bbox 352 3147 478 3218; x_wconf 84' lang='lat' dir='ltr'>auspiciis</span> <span class='ocrx_word' id='word_1_230' title='bbox 500 3145 595 3198; x_wconf 85' lang='lat' dir='ltr'>divinis</span> <span class='ocrx_word' id='word_1_231' title='bbox 617 3158 643 3198; x_wconf 86' lang='lat' dir='ltr'>et</span> <span class='ocrx_word' id='word_1_232' title='bbox 663 3145 741 3198; x_wconf 76' lang='lat' dir='ltr'>blan·</span> <span class='ocrx_word' id='word_1_233' title='bbox 784 3143 838 3196; x_wconf 89' lang='lat' dir='ltr'>bile</span> <span class='ocrx_word' id='word_1_234' title='bbox 854 3156 896 3196; x_wconf 87' lang='lat' dir='ltr'>est</span> <span class='ocrx_word' id='word_1_235' title='bbox 914 3143 1052 3216; x_wconf 67' lang='lat' dir='ltr'>:clypei-</span> <span class='ocrx_word' id='word_1_236' title='bbox 1069 3143 1154 3209; x_wconf 89' lang='lat' dir='ltr'>illud,</span> <span class='ocrx_word' id='word_1_237' title='bbox 1170 3157 1203 3196; x_wconf 87' lang='lat' dir='ltr'>ut</span> <span class='ocrx_word' id='word_1_238' title='bbox 1213 3154 1286 3216; x_wconf 82' lang='lat' dir='ltr'>poeta</span> 
     </span>
     <span class='ocr_line' id='line_1_31' title="bbox 237 3222 1283 3294; baseline -0.011 -10"><span class='ocrx_word' id='word_1_239' title='bbox 237 3229 375 3284; x_wconf 85' lang='lat' dir='ltr'>dientibus</span> <span class='ocrx_word' id='word_1_240' title='bbox 393 3225 529 3279; x_wconf 87' lang='lat' dir='ltr'>elementis</span> <span class='ocrx_word' id='word_1_241' title='bbox 547 3225 685 3294; x_wconf 85' lang='lat' dir='ltr'>omnibus,</span> <span class='ocrx_word' id='word_1_242' title='bbox 704 3226 741 3279; x_wconf 86' lang='lat' dir='ltr'>ad</span> <span class='ocrx_word' id='word_1_243' title='bbox 784 3222 1283 3294; x_wconf 74' lang='lat' dir='ltr'>loquitur,unonenarrabiletextum.·</span> 
     </span>
     <span class='ocr_line' id='line_1_32' title="bbox 238 3301 1285 3377; baseline -0.01 -15"><span class='ocrx_word' id='word_1_244' title='bbox 238 3309 343 3364; x_wconf 77' lang='lat' dir='ltr'>italiam</span> <span class='ocrx_word' id='word_1_245' title='bbox 353 3306 439 3368; x_wconf 86' lang='lat' dir='ltr'>duxit;</span> <span class='ocrx_word' id='word_1_246' title='bbox 456 3323 536 3376; x_wconf 61' lang='lat' dir='ltr'>wem</span> <span class='ocrx_word' id='word_1_247' title='bbox 547 3318 574 3357; x_wconf 91' lang='lat' dir='ltr'>et</span> <span class='ocrx_word' id='word_1_248' title='bbox 584 3304 739 3377; x_wconf 86' lang='lat' dir='ltr'>descripsit,</span> <span class='ocrx_word' id='word_1_249' title='bbox 783 3301 816 3354; x_wconf 87' lang='lat' dir='ltr'>Et</span> <span class='ocrx_word' id='word_1_250' title='bbox 831 3302 952 3375; x_wconf 83' lang='lat' dir='ltr'>alioquin</span> <span class='ocrx_word' id='word_1_251' title='bbox 965 3301 1011 3356; x_wconf 92' lang='lat' dir='ltr'>hic</span> <span class='ocrx_word' id='word_1_252' title='bbox 1023 3302 1094 3355; x_wconf 91' lang='lat' dir='ltr'>liber</span> <span class='ocrx_word' id='word_1_253' title='bbox 1107 3304 1240 3356; x_wconf 82' lang='lat' dir='ltr'>varietate</span> <span class='ocrx_word' id='word_1_254' title='bbox 1249 3319 1285 3352; x_wconf 89' lang='lat' dir='ltr'>re-</span> 
     </span>
     <span class='ocr_line' id='line_1_33' title="bbox 236 3383 1285 3456; baseline -0.008 -14"><span class='ocrx_word' id='word_1_255' title='bbox 236 3401 267 3442; x_wconf 83' lang='lat' dir='ltr'>et</span> <span class='ocrx_word' id='word_1_256' title='bbox 283 3387 432 3456; x_wconf 72' lang='lat' dir='ltr'>catalogum</span> <span class='ocrx_word' id='word_1_257' title='bbox 447 3387 587 3456; x_wconf 85' lang='lat' dir='ltr'>copiarum</span> <span class='ocrx_word' id='word_1_258' title='bbox 600 3384 684 3436; x_wconf 86' lang='lat' dir='ltr'>Turni</span> <span class='ocrx_word' id='word_1_259' title='bbox 698 3403 741 3436; x_wconf 84' lang='lat' dir='ltr'>re·</span> <span class='ocrx_word' id='word_1_260' title='bbox 784 3401 852 3450; x_wconf 89' lang='lat' dir='ltr'>rum,</span> <span class='ocrx_word' id='word_1_261' title='bbox 859 3383 1002 3455; x_wconf 74' lang='lat' dir='ltr'>elegantia,</span> <span class='ocrx_word' id='word_1_262' title='bbox 1009 3383 1202 3436; x_wconf 85' lang='lat' dir='ltr'>eteruditione</span> <span class='ocrx_word' id='word_1_263' title='bbox 1210 3393 1285 3436; x_wconf 76' lang='lat' dir='ltr'>certet</span> 
     </span>
     <span class='ocr_line' id='line_1_34' title="bbox 238 3462 1284 3536; baseline -0.01 -15"><span class='ocrx_word' id='word_1_264' title='bbox 238 3462 358 3521; x_wconf 84' lang='lat' dir='ltr'>censuit:</span> <span class='ocrx_word' id='word_1_265' title='bbox 372 3466 410 3516; x_wconf 81' lang='lat' dir='ltr'>ita</span> <span class='ocrx_word' id='word_1_266' title='bbox 421 3462 548 3536; x_wconf 86' lang='lat' dir='ltr'>deinceps</span> <span class='ocrx_word' id='word_1_267' title='bbox 558 3465 739 3534; x_wconf 85' lang='lat' dir='ltr'>persequitur,</span> <span class='ocrx_word' id='word_1_268' title='bbox 784 3480 844 3514; x_wconf 91' lang='lat' dir='ltr'>cum</span> <span class='ocrx_word' id='word_1_269' title='bbox 855 3462 980 3532; x_wconf 86' lang='lat' dir='ltr'>reliquis,</span> <span class='ocrx_word' id='word_1_270' title='bbox 992 3464 1132 3534; x_wconf 78' lang='lat' dir='ltr'>praecipue</span> <span class='ocrx_word' id='word_1_271' title='bbox 1144 3462 1182 3514; x_wconf 89' lang='lat' dir='ltr'>ob</span> <span class='ocrx_word' id='word_1_272' title='bbox 1195 3462 1284 3534; x_wconf 73' lang='lat' dir='ltr'>digres·</span> 
     </span>
     <span class='ocr_line' id='line_1_35' title="bbox 241 3541 1282 3617; baseline -0.006 -19"><span class='ocrx_word' id='word_1_273' title='bbox 241 3549 348 3617; x_wconf 85' lang='lat' dir='ltr'>quantis</span> <span class='ocrx_word' id='word_1_274' title='bbox 360 3545 454 3598; x_wconf 86' lang='lat' dir='ltr'>animis</span> <span class='ocrx_word' id='word_1_275' title='bbox 472 3556 553 3616; x_wconf 84' lang='lat' dir='ltr'>atque</span> <span class='ocrx_word' id='word_1_276' title='bbox 566 3554 698 3614; x_wconf 81' lang='lat' dir='ltr'>apparatu</span> <span class='ocrx_word' id='word_1_277' title='bbox 711 3545 740 3594; x_wconf 90' lang='lat' dir='ltr'>in</span> <span class='ocrx_word' id='word_1_278' title='bbox 784 3543 873 3594; x_wconf 87' lang='lat' dir='ltr'>siones</span> <span class='ocrx_word' id='word_1_279' title='bbox 885 3542 945 3596; x_wconf 81' lang='lat' dir='ltr'>illas</span> <span class='ocrx_word' id='word_1_280' title='bbox 958 3545 986 3594; x_wconf 88' lang='lat' dir='ltr'>in</span> <span class='ocrx_word' id='word_1_281' title='bbox 998 3541 1143 3610; x_wconf 84' lang='lat' dir='ltr'>historias,</span> <span class='ocrx_word' id='word_1_282' title='bbox 1154 3556 1183 3596; x_wconf 92' lang='lat' dir='ltr'>et</span> <span class='ocrx_word' id='word_1_283' title='bbox 1194 3545 1282 3596; x_wconf 82' lang='lat' dir='ltr'>oratio·</span> 
     </span>
     <span class='ocr_line' id='line_1_36' title="bbox 232 3621 1281 3698; baseline -0.005 -22"><span class='ocrx_word' id='word_1_284' title='bbox 232 3625 340 3698; x_wconf 85' lang='lat' dir='ltr'>¹bellum</span> <span class='ocrx_word' id='word_1_285' title='bbox 352 3626 476 3695; x_wconf 88' lang='lat' dir='ltr'>utrinque</span> <span class='ocrx_word' id='word_1_286' title='bbox 488 3624 661 3676; x_wconf 79' lang='lat' dir='ltr'>imminerit:</span> <span class='ocrx_word' id='word_1_287' title='bbox 672 3641 740 3692; x_wconf 74' lang='lat' dir='ltr'>prm·</span> <span class='ocrx_word' id='word_1_288' title='bbox 783 3640 831 3674; x_wconf 86' lang='lat' dir='ltr'>nes</span> <span class='ocrx_word' id='word_1_289' title='bbox 852 3639 957 3674; x_wconf 88' lang='lat' dir='ltr'>summo</span> <span class='ocrx_word' id='word_1_290' title='bbox 978 3621 1093 3675; x_wconf 82' lang='lat' dir='ltr'>artificio</span> <span class='ocrx_word' id='word_1_291' title='bbox 1116 3626 1281 3695; x_wconf 70' lang='lat' dir='ltr'>compositus.</span> 
     </span>
     <span class='ocr_line' id='line_1_37' title="bbox 240 3701 1282 3776; baseline -0.003 -21"><span class='ocrx_word' id='word_1_292' title='bbox 240 3704 319 3773; x_wconf 91' lang='lat' dir='ltr'>cipue</span> <span class='ocrx_word' id='word_1_293' title='bbox 328 3702 394 3773; x_wconf 90' lang='lat' dir='ltr'>qnid</span> <span class='ocrx_word' id='word_1_294' title='bbox 403 3703 506 3769; x_wconf 78' lang='lat' dir='ltr'>AEneas,</span> <span class='ocrx_word' id='word_1_295' title='bbox 514 3703 741 3776; x_wconf 82' lang='lat' dir='ltr'>paucitaticopia·</span> <span class='ocrx_word' id='word_1_296' title='bbox 785 3701 1282 3772; x_wconf 76' lang='lat' dir='ltr'>Porro,quensadrnodumGroecia,sub</span> 
     </span>
     <span class='ocr_line' id='line_1_38' title="bbox 239 3782 1282 3852; baseline -0.003 -16"><span class='ocrx_word' id='word_1_297' title='bbox 239 3801 300 3836; x_wconf 88' lang='lat' dir='ltr'>rum</span> <span class='ocrx_word' id='word_1_298' title='bbox 311 3801 419 3834; x_wconf 83' lang='lat' dir='ltr'>suarum</span> <span class='ocrx_word' id='word_1_299' title='bbox 428 3783 567 3852; x_wconf 86' lang='lat' dir='ltr'>diflidens,</span> <span class='ocrx_word' id='word_1_300' title='bbox 579 3783 684 3835; x_wconf 89' lang='lat' dir='ltr'>consilii</span> <span class='ocrx_word' id='word_1_301' title='bbox 694 3803 739 3836; x_wconf 90' lang='lat' dir='ltr'>ee·</span> <span class='ocrx_word' id='word_1_302' title='bbox 784 3783 999 3852; x_wconf 70' lang='lat' dir='ltr'>Agamemnone,</span> <span class='ocrx_word' id='word_1_303' title='bbox 1007 3783 1133 3852; x_wconf 78' lang='lat' dir='ltr'>iu&#39;l&#39;rojae</span> <span class='ocrx_word' id='word_1_304' title='bbox 1143 3782 1282 3834; x_wconf 69' lang='lat' dir='ltr'>exscidium</span> 
     </span>
     <span class='ocr_line' id='line_1_39' title="bbox 240 3858 1282 3933; baseline -0.002 -19"><span class='ocrx_word' id='word_1_305' title='bbox 240 3862 330 3933; x_wconf 85' lang='lat' dir='ltr'>perit:</span> <span class='ocrx_word' id='word_1_306' title='bbox 351 3872 378 3911; x_wconf 88' lang='lat' dir='ltr'>et</span> <span class='ocrx_word' id='word_1_307' title='bbox 394 3878 447 3929; x_wconf 89' lang='lat' dir='ltr'>quo</span> <span class='ocrx_word' id='word_1_308' title='bbox 464 3877 545 3933; x_wconf 83' lang='lat' dir='ltr'>pecto</span> <span class='ocrx_word' id='word_1_309' title='bbox 563 3865 592 3915; x_wconf 87' lang='lat' dir='ltr'>in</span> <span class='ocrx_word' id='word_1_310' title='bbox 607 3863 707 3914; x_wconf 83' lang='lat' dir='ltr'>somnis</span> <span class='ocrx_word' id='word_1_311' title='bbox 723 3882 739 3914; x_wconf 81' lang='lat' dir='ltr'>a</span> <span class='ocrx_word' id='word_1_312' title='bbox 784 3860 943 3931; x_wconf 76' lang='lat' dir='ltr'>conjurabat</span> <span class='ocrx_word' id='word_1_313' title='bbox 956 3863 985 3914; x_wconf 89' lang='lat' dir='ltr'>in</span> <span class='ocrx_word' id='word_1_314' title='bbox 998 3861 1111 3914; x_wconf 79' lang='lat' dir='ltr'>Aulide:</span> <span class='ocrx_word' id='word_1_315' title='bbox 1131 3864 1172 3914; x_wconf 88' lang='lat' dir='ltr'>ita</span> <span class='ocrx_word' id='word_1_316' title='bbox 1183 3863 1229 3914; x_wconf 85' lang='lat' dir='ltr'>bic</span> <span class='ocrx_word' id='word_1_317' title='bbox 1240 3858 1282 3912; x_wconf 85' lang='lat' dir='ltr'>sub</span> 
     </span>
     <span class='ocr_line' id='line_1_40' title="bbox 238 3939 1284 4011; baseline -0.004 -17"><span class='ocrx_word' id='word_1_318' title='bbox 238 3939 368 3994; x_wconf 87' lang='lat' dir='ltr'>Tiberino</span> <span class='ocrx_word' id='word_1_319' title='bbox 388 3955 444 3990; x_wconf 86' lang='lat' dir='ltr'>rem</span> <span class='ocrx_word' id='word_1_320' title='bbox 464 3957 539 3993; x_wconf 85' lang='lat' dir='ltr'>suam</span> <span class='ocrx_word' id='word_1_321' title='bbox 558 3940 669 3994; x_wconf 88' lang='lat' dir='ltr'>edoctus</span> <span class='ocrx_word' id='word_1_322' title='bbox 688 3944 736 3996; x_wconf 79' lang='lat' dir='ltr'>sit:</span> <span class='ocrx_word' id='word_1_323' title='bbox 782 3941 872 3992; x_wconf 86' lang='lat' dir='ltr'>Turno</span> <span class='ocrx_word' id='word_1_324' title='bbox 889 3941 995 3993; x_wconf 80' lang='lat' dir='ltr'>Latium</span> <span class='ocrx_word' id='word_1_325' title='bbox 1012 3943 1140 4011; x_wconf 84' lang='lat' dir='ltr'>conjurat</span> <span class='ocrx_word' id='word_1_326' title='bbox 1154 3943 1184 3992; x_wconf 90' lang='lat' dir='ltr'>in</span> <span class='ocrx_word' id='word_1_327' title='bbox 1196 3941 1284 4009; x_wconf 83' lang='lat' dir='ltr'>Troja-</span> 
     </span>
     <span class='ocr_line' id='line_1_41' title="bbox 239 4015 1157 4092; baseline 0 -21"><span class='ocrx_word' id='word_1_328' title='bbox 239 4037 326 4092; x_wconf 79' lang='lat' dir='ltr'>neque</span> <span class='ocrx_word' id='word_1_329' title='bbox 340 4015 442 4070; x_wconf 80' lang='lat' dir='ltr'>auxiliis</span> <span class='ocrx_word' id='word_1_330' title='bbox 452 4019 537 4072; x_wconf 82' lang='lat' dir='ltr'>solum</span> <span class='ocrx_word' id='word_1_331' title='bbox 548 4020 680 4086; x_wconf 84' lang='lat' dir='ltr'>humanis,</span> <span class='ocrx_word' id='word_1_332' title='bbox 690 4021 738 4075; x_wconf 86' lang='lat' dir='ltr'>sed</span> <span class='ocrx_word' id='word_1_333' title='bbox 782 4039 877 4074; x_wconf 86' lang='lat' dir='ltr'>norum</span> <span class='ocrx_word' id='word_1_334' title='bbox 889 4020 1027 4092; x_wconf 82' lang='lat' dir='ltr'>reliquias.</span> <span class='ocrx_word' id='word_1_335' title='bbox 1044 4021 1157 4075; x_wconf 68' lang='lat' dir='ltr'>rmum.</span> 
     </span>
    </p>
   </div>
   <div class='ocr_carea' id='block_1_8' title="bbox 0 0 1326 4614">
    <p class='ocr_par' dir='ltr' id='par_1_10' title="bbox 0 0 1326 4614">
     <span class='ocr_line' id='line_1_42' title="bbox 0 0 1326 4614; baseline 0 2"><span class='ocrx_word' id='word_1_336' title='bbox 0 0 1326 4614; x_wconf 95' lang='lat' dir='ltr'> </span> 
     </span>
    </p>
   </div>
  </div>
 </body>
</html>
