2676 4602
244 315 308 386 ³16
451 334 456 343 ’
579 315 957 384 COMMENTARIA

284 437 352 514 485.
372 442 544 503 Adnectens
557 461 627 502 curn
642 441 799 522 superiore
812 437 872 500 hoe
887 453 1059 516 certamen,
1076 445 1123 503 ait
1137 449 1275 525 protinus,

244 539 281 586 ut
295 529 386 588 initio
404 531 514 612 Georg.
531 529 591 589 lV:
610 531 747 590 Protinus
761 529 834 587 aerii
849 525 943 588 mellr's
957 527 1082 590 colestia
1097 531 1180 593 dona
1196 537 1274 593 Erre·

245 633 335 692 quar:
355 615 426 680 ideo
442 621 559 692 inuitat,
577 618 651 698 quia
663 619 784 698 praemio
798 618 896 697 ponit:
916 618 1002 698 quasi
1019 620 1135 700 positis
1153 623 1276 702 praemiis

245 699 371 778 invitet,
387 704 580 786 alliciatqne:
597 706 707 786 ingenti
715 725 820 776 manet,
836 702 867 761 id
878 718 938 778 est,
950 705 1069 785 ingenti
1078 707 1223 768 'militum
1234 729 1274 788 ag·

244 790 347 849 mine:
363 791 395 850 hi
408 796 491 853 enim
504 793 667 854 necessarii
680 791 719 852 ad
732 790 911 872 erigendum
925 793 1061 867 malum,
1076 803 1275 877 0001000000-

191 937 194 946 ,
244 895 325 936 nus:
354 900 411 940 cur
429 884 532 964 potius
550 881 685 942 voluerit
703 895 860 941 certamen
881 879 947 941 fieri
966 881 1005 940 ad
1023 903 1140 944 navem
1160 885 1276 959 Seresti,

244 982 339 1045 quarn
351 967 503 1045 aliorum,
517 991 580 1031 non
596 990 720 1052 quaero:
736 969 897 1051 suspendit
907 970 1090 1032 columbam
1104 993 1122 1031 0
1138 973 1276 1055 pedibus;

244 1048 305 1112 hoc
316 1058 400 1116 enim
414 1058 553 1140 postulat
564 1060 726 1119 Homerica
742 1058 894 1130 imitati03
910 1059 954 1118 ait
966 1061 1050 1119 enim
1066 1059 1146 1121 δῆσεν
1160 1061 1243 1126 meir.

283 1155 352 1233 490.
365 1158 533 1218 Continent
544 1157 578 1218 hi
592 1178 699 1218 versus
710 1155 854 1215 floridam
869 1171 969 1237 poetae
982 1159 1217 1218 narrationem:
1232 1179 1276 1216 ne·

244 1263 305 1322 que
316 1246 399 1306 enim
410 1246 469 1308 hos
482 1260 617 1330 quatuor
628 1246 738 1318 duces,
748 1264 826 1324 quos
838 1247 996 1316 nominat,
1007 1243 1118 1325 jejune
1131 1248 1277 1320 nominat,

244 1342 274 1388 et
285 1331 377 1406 sicce3
391 1333 443 1393 sed
455 1355 562 1395 ornnes
575 1355 647 1394 cum
662 1333 780 1412 elogi03
794 1333 931 1412 primum
943 1331 1093 1393 honestat
1105 1349 1197 1415 pater
1207 1335 1277 1414 Hyr·

245 1429 346 1492 tacus,
360 1433 390 1479 et
401 1421 491 1482 favor
502 1422 656 1482 militum:
675 1419 824 1492 alterum,
838 1420 976 1479 victoriae
990 1420 1113 1479 navalis
1125 1421 1240 1499 gioria,
1253 1435 1278 1478 et

243 1526 357 1567 corona
374 1509 533 1593 oleagina:
555 1513 698 1582 tertium,
716 1507 877 1568 Pandarus
890 1507 984 1568 frater
998 1507 1213 1568 clarissimus:
1234 1529 1277 1567 ex-

244 1607 377 1656 tremum
398 1613 541 1660 senectus
559 1602 640 1679 ipsa,
665 1610 695 1656 et
714 1597 835 1655 animus
854 1615 941 1669 acer,
960 1615 1023 1676 quo
1042 1594 1148 1656 voluit
1168 1611 1277 1657 tentare

242 1681 381 1743 laborem
390 1683 540 1764 juvenum
553 1685 736 1766 grandaevus
751 1684 816 1763 ipse
829 1683 957 1742 Acestes.

284 1779 351 1838 500.
363 1782 505 1840 Procedit
515 1782 638 1850 ordine;
647 1801 720 1838 nam
732 1780 832 1859 primo
843 1779 1046 1840 inflectuntur
1057 1801 1164 1854 arcus3
1174 1778 1276 1838 deinde

244 1866 362 1943 sagittae
378 1867 619 1948 depromuntur.'
633 1869 668 1926 In
681 1865 743 1925 illis
755 1868 910 1926 incurvant
912 1865 1009 1950 flexos
1021 1887 1108 1928 arcus
1115 1912 1125 1940 ‚
1145 1865 1276 1948 hypalla-

243 1970 302 2030 gen
316 1957 453 2032 agnoseit
464 1957 599 2026 Servius,
618 1975 676 2036 pro
690 1953 818 2014 flectunt
833 1955 986 2014 incurvos.
1008 1953 1064 2014 Est
1075 1975 1129 2036 pro
1144 1975 1174 2014 se
1188 1973 1276 2034 quan·

243 2051 311 2098 turn
326 2042 457 2123 quisque
467 2045 589 2126 potuit,
604 2041 690 2124 quod
701 2044 873 2118 Homerus,
888 2047 952 2102 κατὰ
963 2047 1053 2120 σφέας,
1066 2042 1123 2100 καθ’
1133 2045 1238 2102 iamir:
1252 2053 1277 2098 et

242 2127 417 2210 Xenophon
430 2138 464 2200 εἰς
479 2133 594 2212 δύναμιν.

283 2223 350 2283 502.
365 2227 481 2307 Sagitta
490 2230 609 2309 prima,
623 2229 715 2288 missa
726 2249 848 2289 enervo
862 2227 1025 2302 stridente,
1040 2227 1221 2288 diverberat
1230 2245 1277 2306 per

243 2311 355 2373 caelum
372 2335 461 2375 auras
476 2315 633 2395 volucres;
654 2339 720 2378 non
736 2339 794 2401 per
809 2319 918 2379 caelurn
935 2317 1086 2378 stridente
1105 2336 1221 2376 nervo:
1241 2326 1279 2372 est

243 2419 371 2476 nervus,
385 2401 502 2463 chorda
515 2409 605 2465 arcus
618 2429 624 2464 :
641 2404 736 2466 arbor
747 2407 822 2466 mali
836 2419 880 2466 est
892 2407 1066 2488 ipsissimus
1079 2403 1190 2463 malus.
1204 2397 1279 2461 lilud

241 2503 399 2635 0000000001
418 2495 519 2552 omniu
536 2492 662 2576 plausu,
685 2495 777 2555 refert
797 2497 919 2556 Servius
941 2493 981 2554 ad
1001 2493 1165 2568 favorem;
1186 2509 1278 2572 neque

243 2598 259 2636 a
284 2598 359 2638 nuo.

282 2671 350 2752 507.
366 2671 564 2754 Respondent
577 2672 635 2732 sibi
652 2670 763 2733 hiduo
780 2693 903 2748 versus,
921 2691 989 2732 acer
1005 2673 1135 2731 constitit
1149 2691 1222 2729 arcu
1236 2665 1279 2726 ud·

242 2759 346 2818 ducto:
361 2761 435 2840 quia
448 2781 525 2833 acer,
536 2758 635 2821 000100
650 2760 766 2821 tetendit
770 2785 781 2834 ,·
799 2763 870 2840 quia
887 2779 958 2819 arcu
969 2757 1112 2830 adducto,
1132 2777 1235 2818 arcum
1244 2768 1279 2814 te·

243 2846 347 2909 tendit:
364 2849 467 2932 itaque
481 2847 660 2910 Mnestheus
674 2848 790 2909 dicitur
802 2870 870 2909 acer
884 2850 917 2908 in
932 2845 1155 2907 collineandoz
1175 2862 1206 2905 et
1218 2844 1280 2902 ideo

208 2937 210 2944 ’
242 2939 284 2998 010
296 2936 469 3018 conjungo,
482 2939 549 2998 acer
557 2951 653 3019 petens
665 2936 725 2998 alta
737 2937 868 2998 subaudi
883 2935 998 3011 oculis,
1010 2937 1143 2994 constitit
1151 2955 1224 2992 arcu
1235 2929 1279 2990 ad·

173 3082 177 3091 x
241 3023 337 3085 ducto.
353 3027 408 3085 Est
423 3028 481 3084 ista
495 3025 660 3103 singularis
675 3039 779 3085 nostra
794 3023 977 3106 explicatio,
999 3041 1103 3102 neque
1119 3022 1207 3080 enim
1221 3018 1280 3100 pla·

213 3104 215 3109 ’
242 3127 327 3188 cent,
342 3113 397 3196 qui
408 3132 516 3172 vocem
528 3132 595 3171 acer
604 3111 744 3174 referunt
755 3111 793 3172 ad
807 3114 968 3186 virtutem,
985 3131 1048 3192 000
1059 3129 1172 3170 areum
1184 3111 1281 3168 incur·

242 3203 335 3260 ravit.
791 3259 793 3262 .
1018 3249 1029 3269 t

162 3360 164 3367 J
282 3293 349 3370 509.
360 3288 397 3347 ln
405 3285 556 3346 voculaot
564 3305 695 3366 agnosce
705 3287 881 3370 emphasim
891 3299 941 3360 ut,
950 3285 993 3346 At
999 3285 1112 3366 Regina
1119 3287 1206 3366 praui
1210 3329 1220 3358 ‚
1232 3296 1282 3343 etc.

241 3379 315 3439 Ideo
328 3398 399 3436 vero
410 3373 591 3436 Mnestheus
602 3377 794 3453 miserandus,
807 3379 880 3458 0010
893 3376 974 3436 facta
986 3395 1019 3433 re
1031 3394 1166 3456 magna,
1183 3390 1282 3435 tamen

242 3468 307 3526 sine
325 3465 456 3523 victoria
472 3465 602 3539 mansit3
624 3487 697 3524 nam
714 3479 837 3526 tantum
854 3468 932 3548 rupit
947 3462 1038 3523 nodos
1051 3476 1079 3522 et
1095 3462 1236 3538 vinculo,
1255 3461 1282 3520 id

243 3566 305 3626 est,
325 3551 424 3612 nodos
438 3554 653 3630 vinculorum,
671 3553 777 3636 phrasi
797 3555 996 3615 usitatissima
1014 3551 1153 3634 Virgilii.
1173 3557 1284 3615 Innexa

241 3641 358 3724 pedem,
373 3655 433 3718 est,
454 3642 572 3704 habens
587 3644 697 3726 pedem
710 3645 742 3702 in
758 3665 856 3719 nexu,
875 3645 919 3702 ait
930 3643 1061 3716 Servius.
1085 3643 1117 3703 V
1115 3642 1204 3701 01000
1208 3642 1285 3725 figit

242 3731 351 3804 Notos,
367 3743 428 3806 est,
443 3732 548 3792 volatu
561 3733 659 3792 anteit
669 3733 783 3806 Notos3
798 3745 828 3792 et
840 3735 872 3791 in
883 3727 983 3791 nubila
992 3737 1006 3803 ,'
1017 3727 1071 3788 ubi
1083 3741 1176 3789 tutus
1190 3736 1292 3810 recep·-

242 3827 309 3888 tus;
324 3830 355 3876 et
366 3829 444 3893 utro,
460 3833 495 3879 ut
509 3817 621 3879 melius
634 3819 754 3878 lateret.
1118 3815 1122 3822 ’

283 3912 350 3971 513.
364 3914 459 3975 Vocat
468 3919 619 3998 Eurytion
627 3916 753 3976 fratrem
763 3916 953 3991 Pandarum,
966 3916 1040 3996 0010
1052 3911 1105 3974 hic
1117 3877 1289 3974 acerrimus

238 3999 410 4082 jaculator3
436 4019 585 4086 optatque
602 4025 668 4067 esse
688 4004 777 4068 fratri
795 4005 958 4068 confatalia
977 4006 1012 4064 in
1030 4001 1204 4082 dirigendo
1226 4004 1285 4062 ictu
