2692 4594
303 305 836 408 ,runuuruosmuur
969 367 970 374 Ν
1031 313 1090 402 175
1133 287 1135 294 ⁴

95 454 160 494 rar.
177 431 337 492 Pertinent
348 427 412 490 haec
422 429 460 489 ad
471 429 666 490 excitandum
676 430 864 510 alacritatem
872 433 905 492 in
916 435 1028 494 animis
1037 438 1094 496 mi·

52 519 216 582 litoribus:
231 539 303 578 nam
317 518 373 598 qui
385 515 641 597 Trojonissretam
657 519 752 593 irent,
766 520 809 578 ibi
823 521 929 582 Graeco
942 521 1029 583 hoste
1040 523 1094 583 do·

53 609 213 671 minante?
223 607 343 668 Deinde
356 605 414 666 hac
428 609 496 688 ipsa
513 605 599 668 fama.
611 608 689 688 pulsi
707 630 724 668 e
742 611 830 669 Grata
850 611 1022 686 Idomenei,
1040 612 1099 672 fir.

54 713 173 773 matur,
189 696 273 780 quod
287 693 432 756 Anchises
444 694 577 764 dicebat,
588 695 713 755 oraculo
728 697 1096 780 Cretamintelligi,quasi

53 790 104 849 Dii
119 809 157 848 eo
171 789 239 870 ipso
254 788 357 848 locum
379 799 521 867 pararent
537 783 679 866 Trojanis
692 789 837 848 venturis.
852 791 952 850 Placet
963 811 1034 850 vero
1050 790 1095 850 di·

55 880 179 940 stinctio
196 877 278 953 haee,
300 892 335 937 ut
352 876 434 958 legas
449 877 545 935 Cretae
561 874 652 934 litura
671 875 785 938 deserta
806 899 868 940 esse
886 878 991 954 hoste3
1011 901 1097 955 non,

55 969 141 1030 hoste
152 991 260 1031 vacare
273 968 382 1029 domos
396 990 403 1026 ε
416 968 478 1042 ait,
493 965 695 1030 idomeneum
707 971 826 1038 cessisse
837 973 938 1050 regnis
950 971 1098 1052 paternis,

54 1065 123 1143 quia
138 1063 173 1120 in
188 1062 277 1120 Creta
293 1073 380 1141 pater
393 1059 552 1118 Idomenei
567 1057 773 1139 regnaverat·

95 1148 163 1226 124.
177 1151 244 1208 Hac
258 1149 342 1208 fama
354 1149 475 1207 excitati
490 1145 603 1205 milites
612 1146 727 1218 Delum
743 1147 883 1226 protinus
896 1148 1079 1229 relinquunt
1087 1173 1096 1225 ;

53 1238 181 1320 pelago,
194 1259 259 1297 non
274 1253 338 1301 tom
357 1239 519 1315 navigant,
541 1257 633 1316 quam
646 1237 771 1294 volant:
787 1257 908 1295 cursum
926 1249 1031 1296 tenent
1049 1259 1097 1297 ee·

53 1326 179 1386 lerrime
189 1347 243 1408 per
253 1325 524 1407 mediasGycladas
536 1323 663 1403 (herum
674 1339 765 1406 poeta
774 1338 907 1406 quatuor
916 1338 1036 1384 tantum
1050 1326 1100 1386 ad*

54 1415 140 1474 ducit
150 1413 295 1487 nomina,
311 1414 403 1488 Naxi,
419 1415 564 1494 Donysae‚
584 1413 708 1488 oleari,
727 1415 810 1490 Pari,
828 1428 886 1473 tres
903 1435 1008 1474 eurum
1023 1435 1098 1474 con·

55 1517 219 1576 sentaneo,
233 1514 267 1562 ut
279 1501 426 1584 cujusque
441 1518 486 1563 est
505 1516 629 1579 natura,
648 1505 796 1562 attributo
811 1502 966 1582 afficiens)
983 1523 1098 1584 perque

54 1591 107 1650 illa
120 1611 189 1649 non
202 1601 266 1648 tam
281 1591 394 1664 maria,
407 1611 501 1670 quam
517 1612 551 1650 ex
566 1603 614 1650 tot
631 1589 795 1672 interjectis
808 1593 916 1652 insulis
925 1593 1015 1676 freta.
1030 1593 1094 1652 Cur
1139 1634 1141 1638 -

54 1679 119 1741 haec
131 1679 276 1740 dieantur
288 1683 402 1740 concita
418 1683 499 1740 notis
513 1681 692 1765 explicabo,

98 1769 164 1826 128.
181 1767 287 1826 Nautae
299 1787 355 1826 suo
373 1789 404 1827 se
419 1768 602 1828 celeusmate
615 1771 705 1848 (nam
723 1767 783 1828 hoc
801 1780 858 1842 est,
871 1767 985 1830 clamor
1000 1775 1099 1830 nuuti-

54 1876 119 1930 cus,
130 1856 143 1932 )
154 1852 357 1914 exhortantur
367 1859 400 1922 iu
415 1875 520 1930 cursu,
540 1867 686 1937 usurpato
706 1857 815 1937 saepius
833 1859 930 1917 Cretae
949 1857 1099 1932 nomine,

55 1958 84 2004 et
95 1963 300 2026 proavorum,
313 1942 350 2002 ad
364 1963 442 2024 quos
452 1946 666 2004 irent.Ventus
679 1943 874 2004 felicissimus
883 1945 1037 2022 iuit3nam
1051 1943 1100 2004 hio

54 2055 72 2090 a
86 2033 196 2113 puppi,
214 2042 245 2089 et
265 2030 390 2090 tandem
404 2030 572 2112 tranquilla
590 2030 758 2091 admodum
776 2034 988 2114 navigatione,
1006 2033 1100 2110 (nam

53 2120 115 2181 hoc
127 2122 233 2202 signat
246 2119 374 2180 verbum
388 2119 580 2198 allubimur,)
592 2121 629 2180 ad
643 2121 763 2186 Cretam
779 2123 975 2201 perveniunt.

98 2209 168 2268 132.
184 2207 241 2266 Vix
260 2206 369 2288 pedem
392 2210 529 2292 intCreta
553 2207 672 2276 fixerat,
692 2227 789 2286 quum
806 2208 913 2268 avidus
931 2206 1101 2267 condendae

55 2308 173 2377 optatae
188 2293 287 2370 urbis,
307 2296 349 2353 sic
370 2297 486 2376 quippe
502 2291 664 2375 conjungit
679 2295 815 2367 Servius,
832 2315 939 2354 muros
956 2294 1099 2369 molitur,

54 2403 191 2464 eamque
207 2383 314 2444 urbem
326 2397 417 2444 vocat
429 2386 631 2463 Pergamum,
647 2395 681 2442 ut
697 2403 734 2442 eo
751 2380 936 2464 cognomine
949 2383 1099 2465 Trojanos

54 2495 128 2535 suos
139 2471 249 2532 reddat
260 2472 346 2534 laetos
357 2473 581 2554 alacrioresque
592 2471 628 2532 ad
638 2474 800 2554 pristinam
813 2473 980 2535 fortunam.
989 2478 1101 2534 Horta-

55 2578 107 2624 tur
121 2563 238 2637 socios,
253 2563 380 2646 utfocos
390 2575 502 2638 ament,
516 2562 547 2621 id
560 2575 620 2638 est,
636 2576 671 2623 ut
688 2564 817 2644 quisque
831 2563 889 2624 sibi
907 2566 1102 2626 domicilium

55 2667 161 2736 paret,
176 2667 208 2713 et
219 2655 337 2734 privata
349 2665 444 2713 tecta:
458 2664 494 2712 ut
503 2673 600 2713 arcem
612 2656 691 2714 tectis
701 2650 850 2726 aeolum,
863 2655 1034 2734 acropolim
1046 2657 1104 2738 sig·¹

55 2756 128 2818 nat,
142 2754 177 2801 ut
192 2741 410 2824 perfectissima
422 2744 460 2802 sit
476 2743 559 2802 urbs.
573 2744 761 2802 Constructis
773 2744 858 2800 enim
871 2737 1032 2814 domibus,
1044 2765 1120 2824 res-¹

56 2846 104 2892 tat
123 2851 176 2891 arx
199 2832 375 2908 attollatur,
390 2852 459 2912 quae
471 2831 649 2914 proesidium
663 2832 702 2890 sit
720 2832 819 2903 tectis,
834 2843 926 2910 atque
947 2831 1024 2890 adeo
1045 2833 1105 2892 toti

55 2921 143 2982 urbi.
165 2921 349 2983 Deformant
369 2922 465 3003 aliqui
484 2922 543 2982 loci
568 2919 661 3002 hujus
683 2922 983 3003 interpretationem,
1006 2943 1104 3004 quum

55 3023 153 3093 poeta
166 3009 244 3071 nihil
257 3011 339 3072 aliud
356 3012 454 3086 dicat,
469 3033 579 3092 quam,
591 3010 715 3087 hortor,
731 3024 766 3070 ut
780 3010 890 3070 domos
905 3024 1103 3087 construant,
1154 3038 1158 3044 ·

55 3103 183 3184 illisque
197 3121 296 3162 arcem
309 3104 575 3184 superimponent.

103 3190 171 3252 135.
185 3191 301 3251 Omnes
313 3190 376 3251 fere
390 3211 499 3268 naves,
513 3191 631 3272 inquit,
647 3189 806 3252 subductae
816 3189 880 3272 jam
895 3212 912 3250 e
926 3195 1004 3250 mari
1016 3204 1104 3251 erant

59 3317 172 3370 Gnossia
184 3336 270 3390 repca.
281 3313 433 3385 Cretensis,
447 3317 563 3372 aGnoso
608 3320 694 3384 niret,
711 3336 768 3390 quae
785 3316 957 3368 disseminatae
969 3328 995 3367 et
1007 3333 1104 3386 sparse

57 3399 170 3450 civitate
181 3399 247 3466 ejus.
609 3396 734 3448 dicuntur
746 3415 794 3467 per
810 3395 935 3466 pelagus,
953 3413 1033 3465 quom
1050 3399 1106 3449 fre-

100 3493 159 3546 ¹²7·
173 3475 299 3550 Legimus.
317 3477 498 3530 preterimus:
516 3489 562 3542 ut,
608 3477 641 3528 tis
653 3495 732 3548 :ergo
745 3476 862 3547 legamus
872 3475 970 3526 concita
983 3479 1109 3531 cumSer-

58 3579 71 3603 a
82 3557 233 3626 Litoraque
247 3555 321 3627 Epiri
332 3556 450 3628 legimus.
463 3581 474 3605 ι
486 3557 565 3608 Trac·
607 3557 665 3620 vio,
678 3557 800 3620 Donato,
818 3555 890 3616 aliis;
906 3567 931 3606 et
944 3568 1023 3626 apte:
1036 3559 1106 3612 freta

57 3651 104 3688 tus
125 3649 216 3688 sutem
232 3653 319 3688 sermo
336 3655 351 3688 a
368 3639 472 3702 nautis,
492 3635 565 3708 quod
609 3637 679 3688 enim
701 3647 742 3684 tot
761 3633 854 3685 insulis
872 3636 1026 3705 interjecta,
1050 3658 1107 3692 non

55 3718 156 3768 funem
163 3715 328 3786 legendo,.id
335 3728 389 3780 est,
399 3716 564 3787 colligendo,
609 3726 722 3787 possunt
733 3731 787 3764 non
798 3731 854 3766 esse
864 3718 997 3767 concitate
1005 3719 1107 3771 crebris

57 3813 159 3866 aspera
178 3795 240 3846 loca
258 3807 427 3866 preteream.
444 3795 513 3846 Seru.
531 3823 565 3834 ··-
610 3793 741 3846 undarum
748 3795 1120 3864 reciprocationihus.0erdu.·

57 3878 139 3928 Facta
151 3877 261 3928 eoncitm
275 3875 354 3926 Multi
366 3875 477 3939 consita,
490 3873 566 3926 multi
648 3874 705 3939 134.
722 3874 871 3947 Arcemque.
891 3876 956 3943 Qua
972 3881 1109 3950 praecipue

56 3957 174 4008 concita.
189 3953 512 4008 Hishaereo:eerteillud
523 3973 566 4024 gs·
611 3955 708 4005 amavit
720 3955 747 4004 in
757 3955 918 4024 Troja,hnc
928 3975 1053 4028 reparare
1064 3977 1110 4010 ou·
1200 3963 1205 3972 ’

57 4051 112 4086 nus
123 4033 239 4106 epitheti
252 4033 344 4086 insulis
359 4034 448 4104 potius
466 4050 565 4086 conve·
611 4031 710 4104 piabat.
723 4035 818 4088 Donat.
