2670 4596
399 293 760 388 orsoutsrrro(
1040 315 1087 404 u,-

63 459 80 496 a
90 438 150 504 tius
171 431 335 502 ilectitur
356 427 402 498 ad
424 427 696 524 exprimendam
719 455 842 500 rerum
863 436 1088 522 varietatem,

70 573 194 644 leoque
221 547 374 642 propius
394 543 530 614 accedit
552 543 598 614 ad
617 560 779 616 veterum
798 564 1009 643 poematum
1034 553 1092 619 m-

70 696 81 725 «
90 661 341 749 enarrabilem,
357 687 468 758 quam
482 674 605 760 'versus
613 665 728 732 nostri
739 661 943 735 desiderant
953 721 961 754 ,
972 671 1093 737 suavi-

71 778 319 877 «loquentiam.
334 809 348 840 o

102 893 195 966 Nihil
217 896 365 980 vanius3
397 917 484 963 nam
503 890 636 962 frustra
655 889 822 990 gallicam
842 892 1093 966 Telemachia-

66 1005 134 1078 dem
147 1035 222 1106 prae
240 1024 276 1078 te
289 1005 399 1078 feras:
425 1007 639 1078 mirandum
658 1011 770 1104 magis
790 994 902 1104 quam
919 1008 1094 1080 imitabile

16 1145 17 1156 ¹
65 1118 144 1190 illud
153 1147 263 1219 opus,
274 1119 411 1211 multe,
425 1137 466 1191 ut
476 1119 568 1192 mihi
579 1121 727 1218 quidem
740 1121 900 1208 videtur,
911 1121 1093 1194 efficacius

68 1237 192 1305 animos
212 1249 367 1330 raperet,
388 1237 433 1322 si,
455 1250 497 1304 ut
511 1251 562 1304 est
580 1250 743 1304 veterum
762 1237 909 1330 ingenio
925 1233 1095 1330 plenum,

68 1350 109 1416 ita
125 1353 268 1444 poeticis
283 1349 330 1419 ad
345 1373 475 1420 eorum
489 1353 601 1420 instar
615 1349 751 1420 deliciis
765 1348 920 1441 floreret.
938 1352 1000 1420 Est
1014 1375 1100 1421 sane

67 1480 150 1534 recto
159 1469 322 1534 sermoni
331 1490 397 1535 sua
406 1463 502 1553 laus,
520 1468 750 1562 maximeque
760 1469 798 1536 in
809 1468 851 1534 iis
866 1469 1099 1536 scientiarum

68 1578 241 1673 operibus,
264 1578 398 1676 quibus
413 1583 495 1650 satis
510 1595 575 1667 est,
595 1583 623 1649 si
639 1605 692 1650 res
707 1579 888 1676 pellucide
903 1605 943 1650 ac
958 1578 1100 1677 simpli-

67 1692 140 1759 citer
151 1707 393 1790 exponantur.
410 1693 566 1789 Epicum
582 1716 665 1762 vero
683 1717 829 1762 carmen
841 1696 947 1763 'omni
962 1695 1100 1789 magni·

66 1802 198 1876 licentia
214 1807 396 1905 gaudens,
414 1811 599 1878 universas
610 1807 657 1878 ad
672 1833 708 1877 se
722 1806 832 1877 trahit
847 1833 942 1903 opes.
959 1807 1102 1899 Quidni

66 1946 169 2018 genus
184 1916 337 2020 quoque
351 1920 497 1991 dicendi
512 1919 606 1991 illud
625 1937 793 2019 usurpet,
813 1921 914 2018 quod
933 1947 1104 1992 numero·

64 2063 142 2109 rum
159 2038 411 2138 jucunditate,
439 2040 607 2108 varietate
633 2063 871 2124 caesurarum,
900 2035 1103 2147 invertendi

65 2150 222 2242 licentia,
242 2152 359 2225 verbis
375 2178 477 2223 nunc
495 2168 576 2250 apte
590 2156 788 2248 suspensis,
809 2177 911 2221 nunc
926 2150 1105 2245 deprope-

64 2278 162 2362 ratis,
183 2290 248 2346 aut
267 2299 309 2344 ex
329 2271 508 2342 industria
523 2273 694 2368 gravatis,
717 2268 874 2366 denique
894 2271 932 2336 in
955 2270 1105 2336 nostrati

64 2385 250 2475 idiomate,
269 2412 441 2458 versuum
454 2385 616 2484 similiter
628 2384 836 2456 cadentium
850 2385 1106 2481 paene'musico
1195 2421 1199 2428 ·

65 2506 230 2598 strepitu,
246 2504 460 2598 speciosius,
475 2487 596 2572 immo¹
604 2504 722 2570 verius
737 2501 904 2598 exprimit
914 2485 1106 2593 imagines,

65 2633 97 2686 et
110 2623 257 2688 aurium
271 2616 394 2688 favore
410 2635 525 2690 certos
540 2617 586 2686 ad
601 2621 774 2689 intimum
789 2630 913 2712 pectus
927 2617 1107 2710 ingressus

66 2729 191 2804 habet?

488 2846 678 2920 Conclusio.

117 3064 179 3134 Hae
189 3077 289 3150 sunt,
302 3088 392 3159 quas
403 3062 495 3134 mihi
508 3087 767 3158 proposueram
780 3059 1009 3157 explicandas
1019 3065 1110 3158 epici

68 3182 237 3248 carminis
260 3176 374 3274 leges:
399 3193 441 3247 ut
463 3181 611 3248 materia
632 3181 676 3246 sit
700 3174 862 3274 grandis,
888 3201 929 3244 ex
952 3173 1114 3247 historiis

70 3292 276 3389 desumpta;
297 3309 339 3362 ut
353 3297 446 3364 actio
461 3319 537 3364 una
552 3297 595 3364 sit
609 3291 792 3388 simulque
809 3293 926 3376 varia,
947 3289 1126 3378 diversis,
1141 3333 1143 3338 ·

69 3407 259 3495 dulcibus,
275 3413 411 3505 optime
425 3407 576 3506 alligatis
591 3432 673 3477 raro
688 3407 911 3475 interstincta
924 3404 1109 3500 cpisodiis3

68 3543 113 3596 ut
132 3526 299 3598 moribus
323 3527 552 3598 instituendis
573 3525 672 3596 utilis
694 3529 755 3612 sit,
782 3539 824 3591 ut
846 3520 1111 3598 miraculorum

66 3639 274 3738 frequentia
288 3657 492 3739 stuporem,
513 3665 687 3711 versuum
702 3639 966 3734 compositione
979 3635 1116 3735 volup-

66 3773 197 3846 tatem,
220 3755 365 3828 afferat:
390 3784 480 3856 quas
499 3756 592 3855 leges
610 3759 675 3854 qui
694 3753 884 3852 diligenter
898 3752 1112 3844 observarit,

63 3877 136 3944 nisi
161 3873 308 3946 caelestis
332 3879 468 3973 ingenii
491 3873 639 3946 flamma
658 3876 702 3944 sit
723 3870 911 3969 praeditus,
941 3870 1112 3942 nondum

62 3994 133 4062 erit
147 3996 273 4090 epicus
286 4007 410 4088 poeta:
427 4007 678 4064 verumtamen
690 3991 860 4059 omnium
873 3989 938 4083 qui
952 3984 998 4054 ad
1016 3983 1118 4056 hane

138 4098 164 4148 6.
956 4104 973 4137 e
1124 4101 1125 4105 ¹
