2676 4602
230 258 292 322 312
556 243 936 320 souueumutl

228 393 310 440 certe
327 374 437 434 videor
457 383 622 450 utrumque
642 365 780 448 pugilem
800 366 905 427 videre
922 386 988 430 non
1010 371 1134 455 absque
1153 371 1278 435 honore

228 477 380 526 arrectum
393 464 426 520 in
436 459 549 540 digitos
559 455 692 538 pedum,
703 454 933 516 etattollentem
945 454 1084 519 brachia.
1097 463 1277 522 Etobserva

229 550 379 634 quiddam
399 569 463 608 non
485 544 611 626 vulgare
629 564 666 604 ex
685 542 837 606 affinitate
856 545 1026 604 multarum
1045 557 1186 623 rocum',
1209 570 1275 630 quae

222 641 384 721 ,pertinent
405 637 442 694 ad
463 649 566 716 partes
583 630 740 692 bominis:
763 630 848 689 vides
865 633 950 690 enim
970 633 1110 714 digitos,
1130 635 1275 709 brachia,

229 729 348 808 capita,
363 744 491 796 manus;
506 723 595 802 quasi
608 719 658 779 his
672 717 801 779 vocibus
816 720 910 780 vellet
922 719 1077 804 iudicare,
1093 724 1142 782 uti
1156 723 1275 805 pugiles

230 831 331 876 totum
344 835 457 896 corpus
471 823 690 892 compararent
705 807 743 868 sd
756 823 920 870 certamen.
1139 799 1143 808 “

268 903 336 980 43ο.
352 901 517 963 Praestabat
529 902 624 959 Dares
641 910 745 971 aetete,
759 897 900 958 Entellus
913 900 1026 959 virtute
1039 899 1277 973 membrorum3

229 993 290 1054 nisi
301 1004 380 1052 esset
391 988 508 1053 tardior
518 998 690 1062 senectute,
701 984 773 1044 inde
783 983 939 1044 infirmior
948 987 994 1044 vis
1004 988 1038 1045 in
1049 985 1205 1066 genibus3
1214 1007 1275 1047 cre-

229 1083 317 1144 brior
329 1084 362 1140 in
374 1093 499 1162 pectore
512 1075 686 1150 anhelitus,
701 1096 764 1155 quo
778 1088 841 1134 tam
854 1089 939 1136 vasta
951 1075 1052 1135 moles
1065 1079 1276 1156 quatiebatur.

269 1168 338 1245 433.
351 1170 476 1230 Poetice
486 1164 656 1226 admodum
660 1161 775 1246 jactare
784 1161 903 1222 uulnera
914 1166 988 1224 inter
995 1183 1040 1236 se,
1053 1185 1115 1244 pro
1125 1209 1134 1240 ,
1145 1167 1276 1224 vicissim

231 1261 362 1342 pugnis,
384 1269 414 1316 et
432 1253 544 1314 ictibus
558 1249 694 1312 caedere:
715 1263 745 1308 et
756 1253 964 1331 nequicquam,
985 1253 1142 1331 quianon
1161 1271 1278 1332 semper

231 1347 392 1428 pugilibus
412 1345 491 1408 ictus
511 1341 665 1420 contingit
681 1360 718 1398 ex
735 1352 826 1411 vot03
847 1339 944 1398 immo
962 1351 1077 1419 preter
1093 1353 1207 1400 votum
1221 1338 1278 1397 fre-

232 1437 389 1518 quentius.
605 1429 608 1436 ¹
689 1439 693 1444 ’

271 1522 339 1599 434.
355 1520 463 1580 Vivida
477 1518 646 1598 descriptio
660 1536 784 1597 pugnae.
796 1517 852 1575 Per
863 1535 967 1574 cauum
979 1512 1055 1575 lotus
1066 1518 1165 1596 capio
1177 1529 1278 1596 partes

232 1613 320 1688 illas,
334 1631 403 1693 quae
414 1609 452 1669 ad
465 1621 580 1669 costes:
597 1627 669 1686 ergo
683 1603 839 1686 duplicem
850 1623 971 1663 causam
983 1607 1172 1679 constituit,
1187 1622 1277 1684 quam

233 1689 348 1782 duplex
361 1697 490 1758 effectus
503 1695 705 1774 consequitur
717 1715 723 1750 :
735 1691 929 1750 destinantur
941 1691 1026 1750 enim
1038 1692 1124 1750 ictus
1139 1694 1173 1750 in
1185 1691 1277 1760 latus;

232 1787 304 1848 ideo
317 1786 431 1844 dantur
443 1784 563 1844 sonitus
576 1801 593 1840 e
607 1796 750 1862 pectore:
766 1779 961 1840 destinantur
971 1778 1012 1838 ad
1023 1793 1172 1863 tempora
1181 1794 1213 1839 et
1223 1781 1277 1838 cir-

233 1899 307 1938 cum
321 1894 424 1949 aures3
443 1871 514 1932 ideo
531 1869 620 1934 malae
632 1871 792 1952 crepitant.
813 1869 937 1929 Servius
953 1867 1072 1929 vuirtere
1089 1871 1207 1951 accipit
1223 1887 1279 1950 pro

234 1965 357 2026 ictibus.
641 2007 648 2026 .
1179 1993 1184 2004 ·
1271 1981 1274 1990 ’

229 2113 231 2120 ,
273 2051 341 2134 437.
358 2049 530 2118 Adhibetur
539 2050 618 2108 ratio
628 2047 790 2130 pugnandi
800 2049 971 2127 utriusque.
981 2045 1127 2106 Entellus
1138 2065 1282 2128 prm-gra-

234 2143 329 2200 vitate
341 2161 397 2208 sue
409 2152 474 2200 erat
486 2139 633 2196 immotus
645 2136 754 2196 eodem
764 2137 799 2194 in
808 2135 899 2207 nisu3
914 2155 948 2193 ac
962 2153 1059 2213 parva
1074 2135 1220 2215 corporis
1232 2131 1280 2190 de·

234 2231 424 2305 clinatione,
440 2229 484 2288 sic
502 2225 700 2306 accipiendus
716 2238 827 2306 pocta,
846 2237 878 2284 et
895 2225 1064 2305 presertim
1082 2223 1185 2284 oculis
1204 2223 1280 2303 rigi·

234 2318 430 2391 lautissimis,
448 2319 527 2376 ictus
541 2312 679 2396 cavebat.

230 2477 232 2482 ι
275 2405 343 2483 439.
358 2406 399 2463 Ut
409 2403 566 2464 Entellum
576 2422 683 2460 senem
694 2404 728 2460 in
740 2400 847 2461 eodem
862 2412 959 2473 statu,
973 2415 1067 2481 etque
1081 2399 1280 2461 immobilem

236 2493 324 2564 fixio,
336 2494 380 2550 its
391 2493 534 2552 Daretem
545 2490 692 2569 juvenem
702 2488 762 2550 hac
775 2488 846 2548 illac
857 2505 1087 2570 pererrantem,
1101 2491 1209 2551 locum
1220 2509 1281 2547 om

236 2601 310 2643 nem
322 2583 585 2641 circumeuntem:
601 2579 679 2658 quin
694 2598 761 2657 rem
777 2579 1011 2657 comparatione
1027 2579 1168 2638 illustrat
1182 2581 1282 2657 impe·

206 2743 209 2748 ‚
230 2672 347 2734 ,catoris
359 2669 468 2730 urbem
478 2667 617 2748 aliquam
629 2667 817 2741 obsidentis,
832 2679 862 2726 et
870 2671 1018 2727 tentantis
1028 2668 1133 2728 aditus
1144 2670 1184 2728 ad
1194 2667 1280 2726 illam

238 2779 355 2820 omnes.
380 2759 427 2816 Tu
439 2757 475 2816 in=
488 2754 621 2836 Virgilio
636 2753 787 2834 quiddam
798 2754 943 2815 observes
959 2775 1025 2816 non
1037 2757 1187 2836 vulgare:
1207 2757 1281 2816 utri-

237 2870 297 2930 que
316 2844 416 2928 pugili
437 2845 705 2926 comparationem
725 2842 794 2916 dat,
817 2863 878 2922 qua
900 2843 1031 2924 explicet
1049 2849 1208 2906 rationem
1227 2865 1281 2925 pu·

237 2935 355 3016 gnandi
376 2936 549 3014 utriusque.
577 2934 646 2991 Hoc
665 2935 795 2991 interest
813 2931 1023 3008 discriminis,
1050 2935 1138 3014 quod
1157 2934 1278 2996 Daretis

236 3022 432 3103 comparatio
445 3022 546 3092 clara,
563 3018 678 3078 Entelli
691 3020 838 3091 obscura3
858 3017 910 3078 sed
925 3040 994 3079 eam
1006 3025 1088 3080 sumi
1100 3023 1140 3082 ab
1153 3021 1278 3082 bomine

235 3110 423 3190 gladiatore,
445 3107 515 3164 setis
537 3103 654 3162 indicat
675 3106 804 3164 verbum
824 3107 899 3179 exit,
919 3107 1072 3188 tripidantes
1087 3108 1182 3184 oculi,
1201 3112 1278 3168 nisus

239 3201 389 3267 immotus,
405 3191 559 3252 declinatio
568 3192 652 3271 facta
665 3214 790 3274 corpore.
810 3195 918 3274 ltaque
934 3195 1074 3278 intellige
1086 3196 1205 3257 Entelli
1223 3217 1277 3278 pu-

234 3305 333 3363 gnam
342 3281 533 3360 comparari,
543 3280 663 3340 etiamsi
672 3302 738 3342 non
747 3281 852 3342 videas
861 3283 1043 3362 particulas,
1054 3284 1163 3360 veluti,
1176 3286 1277 3358 sicuti,

237 3385 269 3430 ct
282 3369 406 3429 similes.
462 3399 464 3403 ·

272 3544 335 3609 428.
347 3540 480 3592 Abduxere
491 3553 570 3609 mm,
580 3559 630 3598 cte.
640 3547 732 3600 Solent
776 3548 907 3613 decimet,
917 3548 990 3601 unde
999 3549 1034 3602 d'e
1045 3547 1216 3615 Tarchonte,
1227 3571 1237 3594 ι
1247 3549 1276 3597 Et

239 3620 355 3692 pugiles,
364 3631 444 3686 quum
452 3617 543 3672 dextre
551 3622 731 3678 adversarium
775 3631 827 3680 vim
838 3630 937 3680 viribus
946 3633 999 3682 exit
1009 3653 1021 3677 υ
1032 3653 1038 3681 :
1050 3645 1077 3682 et
1086 3630 1140 3681 hoc
1147 3631 1230 3682 verbo
1237 3630 1273 3680 bis

238 3709 349 3770 petant,
368 3707 448 3766 caput
467 3698 500 3750 ab
518 3703 572 3752 ictu
593 3705 619 3757 in
640 3705 732 3758 laevam
776 3727 839 3760 usus
851 3723 890 3762 est
902 3713 1095 3764 tautumSeru.

240 3777 345 3846 longius
365 3773 519 3844 deflectere,
538 3801 570 3834 ne
592 3784 730 3836 feriantur.
811 3789 870 3858 439.
891 3791 944 3859 Qui
966 3790 1078 3842 molibus
1096 3791 1194 3842 urbem.
1214 3789 1272 3840 Am·

240 3855 307 3908 Vide
320 3854 435 3906 Turneb.
448 3858 521 3925 xm,
532 3862 563 3912 ll.
578 3863 684 3914 Taubm.
776 3867 905 3937 pbibolon
916 3881 968 3930 est;
980 3882 1026 3920 eut
1036 3868 1135 3921 celsam
1147 3867 1271 3928 molibus;

276 3931 335 4000 438.
351 3930 421 3985 Tela.
435 3936 512 3990 lctus.
525 3969 559 3978 -
568 3941 638 3994 Exit.
646 3943 731 4008 vitat,
777 3961 823 4024 aut
830 3966 888 4019 que
896 3949 1013 4004 molibus
1019 3962 1201 4023 oppugnatur.
1208 3951 1273 4004 Sar.
