2670 4596
185 287 226 353 38
512 285 892 351 COMMENTARIA

181 433 268 486 num,
280 431 323 472 res
335 413 462 470 Deorum
477 410 590 470 aetemis
601 410 740 490 imperiis,
755 421 784 468 et
796 421 881 468 terres
886 407 1028 492 fulmine.
1049 413 1122 488 Quo
1134 431 1224 472 exor-

183 499 236 558 dio
247 498 324 580 quid
335 498 437 580 aptius
449 493 488 555 ad
500 498 517 555 J
520 497 586 556 ovis
599 495 748 578 gloriam,
763 495 801 555 ad
814 495 1064 558 benevolentiam
1076 499 1226 582 colligen-

183 587 271 662 dam3
291 585 341 646 his
357 587 441 646 enim
455 585 562 668 paucis
572 585 674 646 verbis
686 586 863 644 universam
875 587 963 646 lovis
975 600 1164 668 potestatem
1178 589 1225 648 in·

181 675 297 737 cludit:
319 697 394 736 nam
413 674 468 734 uhi
492 672 575 735 illius
598 675 731 758 imperio
754 675 898 734 universa
921 689 994 737 sunt
1014 676 1139 736 subdita
1159 690 1225 736 tam

181 763 363 838 hominum,
382 784 476 844 quam
492 763 645 838 Deorum,
666 760 742 848 quid
761 762 896 844 amplius
915 763 1086 846 exspectes?
1104 766 1164 826 Hic
1181 778 1228 824 est

181 874 264 934 τερος
278 851 330 912 hic
342 853 507 934 imperium,
520 865 551 912 et
562 849 622 912 hoc
633 865 791 912 ceternum:
804 849 844 910 ad
856 849 922 914 haec
928 851 1063 936 fulmen,
1076 874 1139 934 quo
1149 855 1166 912 J
1171 874 1235 935 up-¹

180 943 263 1024 piter
276 962 364 1003 suam
378 940 562 1022 religionem
576 940 682 1001 sancit.
701 936 843 1020 Adjunge
859 943 1091 1023 oppositionem
1105 939 1227 1021 elegan-

180 1031 331 1088 tissimam
347 1029 430 1088 inter
445 1025 588 1086 homines
605 1039 635 1088 et
645 1027 747 1086 Deos:
765 1028 855 1106 quasi
867 1027 968 1090 dicat:
984 1031 1074 1110 Regis
1086 1049 1133 1088 res
1146 1030 1227 1088 Deo-

180 1137 252 1176 rum
264 1118 385 1178 aeternis
397 1116 551 1196 imperiis,
563 1113 730 1176 hominum
743 1114 888 1178 fulmine.
900 1118 954 1178 Dii
969 1119 1055 1178 enim
1067 1129 1147 1178 nutu
1159 1130 1227 1178 tan-

181 1221 250 1268 tum
267 1218 417 1286 aguntur‚
435 1203 580 1266 homines
596 1207 702 1267 minis.
713 1205 872 1266 Particula
890 1205 1048 1268 Oindicat
1064 1206 1226 1280 allectum,

182 1315 276 1378 quem
288 1316 346 1378 ego
360 1295 433 1354 satis
448 1315 571 1378 nequeo
584 1293 749 1378 explicare.

221 1385 296 1446 231.
310 1382 388 1467 Quid
408 1396 534 1458 tantum,
554 1381 631 1464 quid
649 1396 714 1442 tam
728 1403 893 1464 magnum,
911 1385 1020 1448 AEueas
1042 1405 1136 1456 meus,
1154 1393 1227 1442 tuus

181 1494 255 1554 ergo
266 1493 378 1555 nepos,
389 1475 482 1554 potuit
493 1474 668 1534 committere
680 1475 712 1532 in
723 1478 769 1534 te?
781 1487 828 1534 est
837 1475 922 1538 enim
934 1475 1004 1555 pius
1017 1485 1047 1533 et
1055 1471 1157 1534 cultor
1167 1491 1227 1530 nu-

180 1562 314 1620 minum.
331 1558 409 1642 Quid
424 1562 510 1620 Troes
518 1561 655 1640 potuere?
667 1561 721 1640 qui
734 1561 887 1622 nimirum
900 1563 988 1622 victi:
1004 1575 1051 1622 est
1062 1560 1124 1620 hoc
1137 1577 1228 1639 argu·

180 1661 324 1710 mentum
335 1651 385 1708 ἀπὸ
396 1659 441 1707 τοῦ
452 1649 577 1708 ἀδυνάτου
588 1670 594 1706 :
614 1647 717 1730 quibus
737 1662 778 1710 tot
785 1651 897 1732 funera
914 1664 995 1712 terra
1010 1651 1151 1728 marique
1161 1667 1230 1727 pus·

179 1741 218 1798 sis
231 1735 377 1797 clauditur
388 1749 507 1798 cunctus
521 1736 596 1798 orbis
611 1750 751 1802 terrarum
765 1737 801 1800 ob
815 1737 946 1800 Italiam.
967 1739 1046 1798 Mire
1062 1748 1227 1815 exaggerat

181 1825 292 1886 odium
305 1825 453 1900 lunonis,
465 1827 554 1906 quasi
564 1825 666 1886 dicat:
680 1826 840 1908 pelluntur
850 1839 917 1888 toto
927 1825 1017 1898 orbe,
1030 1843 1069 1882 ne
1079 1822 1118 1882 ad
1128 1841 1227 1882 unam

180 1913 304 1973 ltaliam
316 1916 508 1995 perveniant.
522 1917 577 1974 Est
588 1914 625 1974 ob
638 1913 775 1989 Italiam,
788 1928 916 1995 propter
927 1913 1050 1972 ltaliam
1063 1934 1070 1970 :
1085 1932 1151 1972 non
1162 1911 1228 1992 pla·

183 2013 269 2074 cent,
282 2003 337 2082 qui
349 2001 521 2082 explicant,
533 2002 664 2060 circum.

222 2085 288 2162 234.
301 2089 373 2148 Non
385 2087 551 2170 oportebat
561 2088 745 2170 loquentem
759 2106 831 2146 cum
846 2087 923 2148 Jove
936 2085 1070 2164 alicujus
1085 2085 1227 2144 numinis

173 2174 400 2257 ‘jusjurandum
419 2179 570 2260 accipere,
593 2175 665 2236 ideo
686 2173 882 2258 permodeste
901 2167 1080 2250 affirmans,
1102 2186 1228 2236 tantum
1256 2173 1262 2186 '

182 2268 242 2340 ait,
251 2279 334 2326 certe.
345 2267 429 2346 Quid
436 2287 509 2326 vero
521 2263 676 2326 affirmat?
686 2262 838 2328 Pollicitus
851 2285 893 2338 es,
907 2285 927 2324 o
941 2265 1100 2346 luppiter,
1111 2260 1228 2324 uoluen-

181 2354 255 2416 tibus
274 2376 304 2416 se
321 2354 394 2416 olim
414 2358 514 2428 annis,
533 2357 682 2414 Romanos
695 2353 839 2426 ductores,
859 2352 928 2412 binc
945 2351 1153 2435 bimestrem-os,
1171 2351 1228 2432 qui

182 2463 257 2502 sane
270 2442 414 2504 ductores
430 2453 556 2502 tenerent
569 2461 648 2498 marc
658 2461 695 2500 ac
710 2453 796 2500 terras
809 2442 891 2500 omui
904 2439 1027 2511 ditium·
1041 2438 1136 2520 idque
1149 2459 1230 2498 revo-

180 2547 262 2607 cato,
282 2532 395 2606 idest,
417 2533 587 2590 instaurato
611 2531 714 2588 Teucri
729 2532 881 2610 smsquine.
899 2528 935 2590 Id
954 2530 980 2590 si
1000 2549 1109 2588 verum
1129 2538 1189 2601 est,
1208 2549 1228 2586 o

180 2624 309 2704 genitor,
327 2641 393 2702 quse
405 2632 430 2680 tc
443 2616 694 2678 vertitseutentia?
709 2619 807 2678 Vocat
820 2620 978 2680 Romanos
988 2617 1130 2690 ductores,
1151 2616 1228 2696 quia

181 2731 288 2772 rerum
299 2709 443 2778 omnium
454 2707 596 2788 potituri.
609 2702 796 2786 Emphatice
808 2707 919 2789 repetit
933 2704 1017 2780 binc,
1030 2703 1113 2777 binc,
1127 2717 1163 2762 ut
1173 2704 1228 2762 ite·

181 2817 253 2860 rans
274 2795 418 2858 ostendat
440 2816 477 2854 ex
498 2795 636 2875 Trojano
657 2797 826 2875 sanguine,
848 2816 914 2858 non
938 2793 1065 2858 aliunde
1088 2791 1228 2854 futuram

181 2884 265 2946 hanc
286 2885 552 2946 instaurationem.
572 2885 672 2946 Versu
694 2882 767 2960 illo,
789 2887 840 2967 qui
860 2903 953 2959 mure,
976 2887 1027 2966 qui
1046 2897 1146 2956 terras,
1168 2894 1227 2941 etc.

182 2971 364 3052 complexus
377 2985 424 3032 est
435 2974 617 3048 uuiversum
631 2975 763 3054 Augusti
776 2976 958 3056 imperium,
972 2975 1027 3054 qui
1040 2985 1119 3032 terra
1134 2971 1227 3032 mari-

181 3079 243 3143 que
254 3057 318 3119 late
328 3059 518 3120 dominatus.
533 3059 606 3136 Illa,
624 3081 689 3142 qum
702 3076 727 3122 te
737 3066 852 3144 genitor
862 3064 1003 3124 sententia
1016 3063 1111 3133 vertit,
1132 3079 1227 3120 nemo

95 3147 98 3158 ’
180 3150 255 3208 satis
269 3145 391 3206 laudet:
404 3147 472 3207 vult
481 3167 609 3230 arguere
618 3150 730 3208 lovem
744 3151 980 3210 inconstantia:
995 3147 1047 3209 sed
1058 3147 1135 3218 lenit
1144 3145 1226 3207 hanc

181 3235 397 3310 acerbitatem,
415 3248 484 3295 tum
498 3253 613 3295 vocans
629 3237 818 3316 genitorem,
840 3259 902 3320 quo
920 3235 1011 3296 illum
1026 3234 1135 3307 allicit3
1157 3249 1226 3295 tum

181 3326 324 3408 rejiciens
342 3321 424 3384 han'c
440 3321 566 3407 culpam
583 3327 615 3384 in
632 3323 743 3400 alium3
762 3339 793 3384 et
805 3327 878 3406 quia
889 3327 1048 3386 lunonem
1062 3323 1227 3404 intelligit,

181 3435 248 3476 non
268 3413 362 3474 audet
379 3415 559 3494 nominare,
579 3428 615 3477 ut
635 3434 706 3496 quae
724 3435 816 3490 uxor,
836 3427 866 3474 et
884 3436 983 3476 soror.
1002 3411 1087 3492 Quid
1106 3416 1165 3474 ista
1185 3411 1227 3470 ad

181 3501 384 3560 Homericam
395 3504 413 3562 J
416 3525 569 3580 unonem,
581 3525 650 3585 quae
662 3502 864 3584 expostulans
877 3525 950 3564 cum
962 3505 1039 3564 Jove
1053 3514 1145 3564 vocat
1156 3503 1227 3560 dolo-

181 3596 281 3668 nibus,
295 3583 444 3664 dolosum
457 3591 535 3656 alias
545 3591 686 3675 pepldum
693 3615 705 3666 ς
719 3590 797 3656 alias
809 3587 968 3674 perjurum.

182 3754 207 3806 0
216 3754 321 3824 genitor
331 3775 337 3803 ε
349 3767 375 3808 et
387 3770 427 3809 est
437 3772 494 3814 tota
504 3765 634 3818 orationis
645 3765 684 3820 in»
726 3776 780 3828 eat,
792 3763 846 3832 Qai
853 3763 939 3819 Graiis
949 3779 1026 3834 pares
1036 3777 1090 3810 non
1100 3758 1225 3824 fuerunt,

183 3833 277 3897 tentio,
283 3834 379 3901 injuste
386 3841 475 3890 vexari
485 3844 613 3896 alunone
619 3847 684 3898 Tro·
726 3845 754 3895 in
763 3855 789 3895 te
800 3843 902 3916 aliquid
911 3854 1025 3916 possunt
1032 3843 1043 3891 i
1050 3840 1082 3889 Et
1091 3849 1131 3890 est
1142 3839 1228 3908 Argu·

180 3916 267 3981 janos.
280 3912 350 3964 Serv.
725 3936 843 3979 mentum
861 3926 895 3982 ab
912 3918 1086 3994 impossibili:
1102 3929 1132 3968 ut
1144 3916 1226 3984 alibi,

220 3993 278 4045 23²·
301 3992 371 4064 Quid
393 3997 469 4052 Troes
485 4006 610 4070 potuere?
624 4004 681 4058 Hoc
728 4025 741 4052 a
750 4005 812 4060 Non
824 4025 856 4062 ea
866 4009 907 4062 vis
919 4005 1030 4059 auimo·
1044 4022 1050 4052 :
1066 4011 1092 4052 et
1104 4010 1143 4050 est
1156 3995 1226 4054 vali·
