2676 4602
304 282 355 346 ru
380 256 793 349 unctuosum.
1004 311 1062 379 291

65 400 117 482 75.
129 403 233 484 Pergit
241 423 313 474 mox
324 403 363 464 ad
375 404 547 478 tumulum:
561 403 632 466 vids.
639 406 820 484 comitatum
829 427 840 469 t
848 403 906 466 hac
915 409 997 473 enim
1008 411 1069 474 fre‘·

24 493 160 570 quentia
174 492 279 553 induci
298 492 462 574 oportebat
481 494 650 575 principem
667 495 808 554 omniurn
827 497 963 558 AEneem.
983 500 1069 562 Post·
1154 507 1156 512 '

24 598 126 658 quam
142 583 264 643 accessit
279 580 316 642 ad
330 581 501 656 tumulum,
515 593 686 660 sequuntur
699 581 833 651 infcriae,
849 585 947 647 Greci
958 584 1070 650 dicunt

24 669 107 744 χοὰς
128 665 211 726 fudit
226 669 334 732 AEneas
354 669 462 728 vinum
481 685 651 740 meracum,
666 667 728 744 lac,
747 671 944 750 sanguinem3
964 675 1070 736 unius-

25 753 180 837 cujusque
196 757 270 822 bina
290 760 403 842 pocula
417 782 424 817 :
440 757 560 828 addidit
580 757 697 818 inferiis
717 758 825 820 flores:
850 758 942 822 libans
951 763 1071 846 similit,-

25 842 122 918 libat,
139 861 170 908 et
183 846 304 912 fundit:
318 852 383 920 rite,
399 870 490 930 pure,
504 847 689 928 explicatore
702 848 864 930 scaligero.

68 936 121 994 80.
132 937 230 998 Voces
242 959 349 1018 omnes
360 941 486 1020 signata·
497 951 586 1012 sunt,
599 958 701 1018 neque
711 938 786 998 fusae
799 953 920 1000 tantum
932 959 1072 1008 currente

27 1038 126 1082 vena:
137 1022 226 1086 Salve
236 1047 293 1084 vox
306 1041 349 1086 est
361 1024 587 1107 apotheoseon,
600 1039 633 1084 ut
643 1039 775 1086 etsuucte
786 1050 794 1084 :
805 1025 875 1086 ideo
885 1034 987 1111 recepti
996 1035 1074 1094 cine·

27 1129 72 1171 res
84 1111 204 1186 iterum,
220 1115 293 1192 quia
309 1127 376 1195 post
391 1125 513 1194 tempus
535 1114 727 1192 insumptum
744 1112 943 1196 Carthagine,
961 1119 1073 1182 iterum

27 1195 215 1277 Drepanum
230 1201 329 1259 rediit.
345 1203 547 1280 Nequicquam
558 1204 717 1268 παθητικῶςι
731 1216 852 1281 ereptus
866 1204 951 1262 enim
964 1206 1075 1267 Anchi*

29 1305 76 1346 ses
89 1287 192 1372 fuerat
207 1313 223 1349 a
241 1289 376 1372 Trojano
391 1291 554 1366 incendio,
570 1304 602 1348 ut
614 1291 734 1350 ltaliam
748 1291 880 1352 videret:
897 1295 947 1356 sed
961 1294 1075 1358 frustra

30 1389 173 1454 ereptus3
195 1399 268 1440 nam
284 1399 350 1446 non
361 1377 454 1451 vidit3
475 1378 547 1440 ideo
562 1378 718 1456 sequitur,
735 1381 807 1443 Nou
825 1377 920 1454 licuit,
942 1395 997 1442 etc.
1012 1384 1076 1460 Gur

30 1463 198 1546 animeque
209 1464 388 1548 umbraeque,
402 1465 471 1526 ride
483 1464 565 1524 infra
581 1465 612 1522 in
627 1465 724 1524 Notis.

70 1553 122 1618 82,
136 1552 165 1612 Ο
178 1554 240 1612 vim
254 1552 404 1615 latorum!
419 1554 491 1619 Nou
506 1549 601 1634 licuit,
616 1563 686 1631 post
704 1563 750 1610 tot
768 1571 884 1614 errores
898 1575 1021 1634 querere
1034 1569 1073 1620 te·

29 1662 100 1702 cum
113 1641 224 1724 (plena
244 1644 350 1703 onmia
370 1643 514 1722 ἐμφάσεων)
523 1639 602 1723 fines
615 1639 719 1716 Italos,
731 1663 804 1702 arua
813 1640 938 1724 satalia,
964 1645 1073 1706 Tibrim

31 1733 220 1794 Ausonium:
232 1746 262 1794 et
275 1735 348 1814 quia
363 1752 528 1813 nunquam
543 1730 674 1808 viderat,
690 1730 778 1792 addit
795 1736 823 1790 ἐκ
836 1738 946 1812 μεγάλου
960 1740 1073 1812 πάθους,

32 1821 212 1900 quicumque
224 1833 274 1879 est.

74 1911 123 1978 84.
139 1910 330 1970 Describitur
342 1907 525 1988 magnitudo
536 1911 660 1989 anguis,
674 1910 727 1990 qni
740 1910 866 1970 emicuit
886 1930 921 1971 ex
933 1911 1074 1988 tumulo,

34 1993 76 2055 ab
86 2011 203 2078 septem
212 1999 310 2079 gyris,
324 1997 362 2056 ab
375 2009 491 2078 septem
503 1997 734 2061 voluminibus:
749 1995 862 2058 deinde
874 1998 1074 2078 pulchritudo

35 2083 75 2142 ab
88 2085 172 2146 uotis
186 2084 338 2158 ceruleis,
358 2104 425 2164 quae
442 2097 529 2143 erent
548 2085 582 2146 iu
599 2097 703 2163 tergo:
720 2105 738 2144 a
752 2084 888 2164 fulgore,
908 2089 960 2166 qui
981 2087 1076 2146 instar

36 2173 120 2244 auri,
134 2191 368 2252 squammarum
381 2171 514 2231 maculas
529 2170 712 2242 incendebat
724 2195 731 2234 ς
743 2191 761 2230 a
773 2170 977 2237 similitudine
989 2190 1077 2232 arcus
1159 2215 1163 2232 2

34 2260 378 2320 celestiscontrahentis
392 2262 423 2320 in
437 2256 572 2328 nubibus
582 2261 681 2319 varios
693 2259 938 2340 multiplicesque
948 2259 1075 2334 colores,

39 2367 76 2408 ex
90 2345 218 2408 adverso
231 2348 309 2408 Sole.
326 2348 406 2406 Cave
419 2359 506 2427 putes
518 2345 710 2409 illacoeruleoe
723 2359 799 2406 notae
810 2366 871 2406 esse
887 2348 921 2406 in
935 2367 1006 2409 casu
1017 2348 1079 2406 sin·

39 2434 158 2516 gulari3
172 2449 218 2494 est
230 2435 315 2494 enim
329 2446 426 2493 rectus
438 2432 568 2513 pluralis
580 2431 637 2492 hac
651 2434 815 2506 sententia;
827 2433 877 2492 cui
890 2447 972 2494 notre
983 2453 1079 2496 caeru·
1127 2513 1134 2526 ¹

75 2553 117 2606 81.
128 2552 282 2626 Auimoeque
295 2551 440 2622 umbroeque
450 2560 538 2622 pater-
583 2569 641 2602 rum
660 2570 718 2604 esse
740 2553 903 2622 participem.
920 2552 959 2604 De
979 2552 1080 2606 umbrie

39 2651 88 2688 Μ.
113 2635 256 2688 vocativus
274 2632 384 2705 pluralis
400 2645 440 2686 est
454 2654 459 2683 ι
477 2650 539 2684 narn
583 2643 672 2682 autem
686 2630 772 2684 facilis
785 2643 823 2682 est
833 2631 956 2700 probatio
968 2653 975 2682 ι
985 2650 1048 2684 nam
1058 2633 1081 2684 si

40 2713 132 2776 Plato,
149 2726 175 2764 et
185 2699 339 2766 Aristoteles
352 2725 378 2764 et
391 2729 482 2764 omues
493 2729 539 2780 pe·
584 2722 699 2779 quotuor
713 2722 774 2760 sunt
788 2711 900 2776 anime,
917 2713 1036 2782 sequitur
1053 2721 1082 2760 ut

41 2795 85 2846 riti
97 2791 190 2844 dicunt
200 2793 347 2848 inhomiue
358 2804 473 2862 quatuor
482 2808 539 2843 esse
585 2800 625 2838 tot
642 2790 695 2838 sint
711 2787 825 2848 umbrat5
839 2798 882 2852 ut,
898 2789 921 2838 si
937 2789 996 2858 quis
1012 2791 1081 2838 iuter

43 2875 146 2925 animas
157 2892 163 2920 ι
175 2891 255 2924 unam
266 2869 482 2934 intellectualem,
493 2888 541 2942 per
585 2867 651 2918 duas
667 2878 716 2918 stet
729 2866 865 2929 lucernas,
878 2867 1009 2936 geminam
1022 2884 1082 2915 urn-

44 2972 124 3024 quam
137 2965 164 3004 et
174 2955 292 3024 cogitare
306 2965 332 3004 et
341 2951 462 3021 judicare
481 2969 542 3021 pos·
585 2947 661 2998 brem
674 2958 754 2998 creat.
772 2947 827 2996 Hoc
840 2957 928 2996 eutem
941 2944 974 2996 de
987 2945 1081 2997 animis

43 3052 148 3086 sumus:
158 3033 269 3086 alteram
277 3051 333 3085 esse
341 3029 542 3094 sensualm,vel
586 3029 666 3077 etiam
681 3027 818 3076 Lucretius
833 3025 926 3076 asserit
941 3045 947 3074 ι
966 3024 1013 3076 sed
1028 3041 1084 3074 nou

42 3131 72 3170 ut
85 3119 112 3168 in
124 3118 204 3169 mutis
217 3113 391 3174 animalibus,
403 3113 430 3162 in
446 3111 541 3182 quibus
586 3117 689 3157 tanturn
703 3105 806 3156 veritati
818 3102 922 3171 studet,
938 3121 1017 3174 qnam
1028 3121 1083 3154 sec·

44 3209 85 3250 est
106 3213 198 3248 sensus
220 3205 245 3245 et
264 3193 367 3245 timoris
388 3204 414 3243 et
430 3189 540 3262 gaudii:
586 3199 618 3238 tte
632 3187 776 3257 Epicureae.
794 3183 846 3236 Alii
864 3187 915 3235 ista
933 3184 1083 3254 fugientes,

44 3295 102 3330 esse
109 3279 190 3328 etiam
199 3273 302 3326 vitalem
311 3312 319 3338 ,
327 3285 357 3323 ut
365 3274 391 3323 in
399 3271 542 3337 vermibus,
586 3286 646 3318 cum
656 3267 761 3318 Donato
774 3265 867 3316 dicunt
878 3265 974 3314 anime
984 3276 1011 3315 et
1022 3281 1083 3314 um-

45 3359 91 3428 qui
107 3368 209 3408 tanturn
224 3365 362 3404 moventur
374 3374 380 3402 ι
394 3370 450 3404 esse
463 3353 543 3403 etiam
586 3343 1022 3418 brugenitirumcssesingularem,
1031 3343 1083 3404 rel·

47 3449 169 3508 quartam
181 3435 252 3486 infra
264 3451 369 3498 ornnes,
383 3451 440 3502 qua
453 3430 543 3503 physi-
586 3430 635 3491 sit,
648 3427 742 3478 cineres
753 3426 848 3476 umbre
858 3433 884 3474 et
894 3423 989 3474 anime
998 3433 1083 3494 pater·-

46 3536 77 3570 ce
93 3527 206 3568 vocatur
222 3511 375 3565 naturalitus
384 3533 393 3573 ,·
411 3523 439 3562 ut
455 3523 496 3562 est
516 3512 544 3562 iu
588 3524 643 3571 uu,
660 3505 733 3576 quod
749 3524 804 3556 non
819 3501 897 3555 valde
913 3503 1084 3573 probandum

45 3596 137 3650 herbis
149 3608 176 3647 st
188 3597 214 3648 in
227 3592 383 3654 arboribus,
397 3609 455 3661 quae
464 3593 545 3642 etiam
588 3600 645 3642 est:
663 3605 713 3638 nec
729 3586 799 3638 enim
811 3583 921 3656 umbra,
938 3594 984 3636 aut
995 3586 1085 3637 anima

46 3689 122 3728 motu
134 3685 234 3732 carent.
243 3675 322 3724 vitatu
330 3684 420 3726 tamen
429 3669 543 3732 habent;
589 3667 691 3718 cineres
698 3662 789 3718 habet.
797 3663 866 3716 Serv.
874 3689 908 3700 -
918 3659 969 3724 Sed
979 3681 1028 3734 ego
1037 3681 1086 3734 pu·

47 3774 111 3808 sam
123 3763 319 3814 struerentur,
329 3761 358 3800 et
368 3761 506 3815 crescunt,
519 3761 545 3800 et
589 3758 617 3798 to
630 3755 738 3816 poetam
747 3742 844 3814 plurali
854 3759 963 3797 numero
972 3761 1021 3813 pro
1029 3747 1086 3795 sin-

48 3845 180 3906 pereunt:
200 3829 262 3885 inde
274 3841 331 3888 est,
348 3839 450 3898 «atque
464 3829 546 3878 iuter-
588 3825 675 3899 gulari
686 3841 763 3876 usum
777 3841 850 3890 esse,
862 3835 892 3874 ut
906 3827 1007 3895 passim
1018 3826 1089 3886 veti·⁸

49 3911 98 3968 fite
113 3909 303 3966 messes.»llis
320 3907 399 3960 rebus
414 3903 546 3976 redigitur
590 3905 640 3962 bus
651 3915 769 3956 marest.
822 3921 825 3924 ·

50 3991 188 4048 homiuem
204 3991 299 4044 harum
315 3988 434 4042 omnious
448 3987 548 4039 suimu-
626 3983 670 4049 84.
681 3982 774 4055 Adytis
788 3983 820 4043 at
836 3981 901 4035 imis.
915 3981 997 4046 Ecce,
1019 3983 1087 4034 sicut

903 4086 942 4142 19·
