2670 4596
207 243 226 306 8
533 241 912 306 COMMENTARIA

207 366 261 447 qui
274 365 311 425 ab
323 369 378 426 oris
393 362 498 449 Trojoe‚
518 367 571 445 qui
586 367 618 424 in
629 363 763 438 ltaliam,
787 377 818 434 et
832 356 957 445 signate
966 364 1005 423 ad
1017 367 1139 444 Lavino!
1148 365 1258 439 litora,
1322 375 1323 388 ¹

207 455 261 534 qui
272 453 411 536 profupus
415 455 482 536 fato
487 497 497 525 ,
510 455 563 534 qui
568 450 697 534 jactatus
712 454 804 527 terris,
818 451 932 528 stulto,
948 455 1002 534 qui
1013 455 1041 512 vi
1052 471 1191 534 superum
1197 492 1209 529 ‚-
1227 467 1260 518 et
1322 475 1323 498 ³

208 540 352 620 inprimis
366 541 490 601 Junonis
497 585 506 613 ,
520 538 657 598 venerit?
670 541 826 598 neminem
841 539 938 600 dabis.

248 628 275 688 5.
293 629 431 704 Dixerat,
453 631 533 690 Cano
550 649 646 700 orma,
666 648 740 688 cono
761 631 871 688 virum:
894 629 931 689 de
950 629 1017 688 viro
1034 625 1100 708 jam
1117 629 1258 703 audisti,
1322 667 1323 706 p

207 711 304 774 fuisse
318 714 408 774 illum
422 715 607 797 profugum,
618 713 787 796 jactatum,
800 729 858 776 etc.
873 712 1031 774 restabant
1045 735 1147 789 arma3
1164 714 1257 791 ideo,
1322 737 1323 770 ς

209 799 309 861 Multa
327 825 440 884 quoque
457 817 486 863 ct
503 799 575 862 bello
591 824 707 884 passus:
726 802 874 884 intelligit
888 805 999 863 Latina
1012 823 1112 876 arma,
1134 801 1257 882 quihus

210 889 388 970 implicatus
406 913 477 950 curn
493 893 598 950 Turno
617 893 745 950 AEneas:
764 892 796 950 in
816 891 930 972 quibus
950 889 1025 971 quid
1043 911 1107 950 nou
1125 887 1260 971 passus?

210 975 320 1037 Passus
335 999 407 1039 vero
423 982 480 1040 ista
495 991 552 1054 est,
572 979 642 1040 dum
658 978 790 1040 conderet
805 978 919 1052 urbem,
938 977 1052 1038 scilicet
1067 978 1257 1047 Lavinium3

209 1161 272 1212 liam
285 1166 370 1230 venit,
383 1184 433 1236 pro
448 1167 482 1217 ad
497 1168 613 1218 Italiam.
631 1167 702 1218 Serv.
750 1167 823 1238 qnod
835 1185 889 1218 non
903 1183 951 1217 suo
962 1166 1056 1218 merito
1067 1181 1113 1216 eos
1127 1165 1258 1233 inseque-

209 1240 313 1294 -Fato
319 1243 454 1318 profupus.
462 1244 556 1296 Fatum
565 1246 598 1298 ad
607 1259 706 1296 utrum·
749 1245 847 1297 bantur
863 1246 986 1309 numina,
1006 1243 1053 1296 sed
1068 1244 1185 1294 Junonis
1205 1245 1256 1293 im-

211 1339 261 1390 que
280 1325 412 1392 pertinet,
434 1336 460 1376 et
484 1323 557 1393 quod
577 1325 660 1396 fugit,
680 1337 705 1376 et
749 1321 936 1395 pulsu.'Multi
954 1325 988 1378 Vi
1008 1341 1151 1393 superum,
1173 1339 1256 1392 posse
1322 1381 1323 1394 χ

751 1407 836 1476 accipi
857 1405 949 1456 dicunt
964 1404 1043 1468 Irim,
1062 1401 1189 1466 AEolum,
1209 1402 1255 1452 Ju·

210 1401 284 1470 quod
292 1403 326 1453 ad
335 1403 438 1454 ltaliam
450 1405 536 1454 venit:
548 1403 649 1454 etbene
660 1401 706 1454 ad·

210 1477 278 1530 didit
291 1470 370 1545 Fato,
383 1501 416 1533 ne
431 1482 552 1533 videatur
567 1495 612 1533 aut
627 1500 708 1534 causa

210 1560 326 1610 criminis
342 1561 457 1628 patriam
475 1559 639 1626 deseruisse,
662 1573 708 1613 aut

211 1637 275 1688 noti
287 1640 391 1708 imperii
403 1640 555 1710 cupiditate.
566 1643 635 1694 Sem.

247 1718 271 1768 3.
294 1720 389 1770 Litora.
411 1721 627 1773 Laurolavinium
647 1741 709 1774 con-

215 1809 268 1848 stat
293 1798 350 1849 Vlll
370 1799 485 1851 millibus
505 1821 521 1853 a
541 1804 607 1852 rnari
625 1821 728 1854 rcmo·.

214 1887 287 1926 tum:
303 1897 352 1930 nec
369 1898 417 1930 nos
433 1879 512 1932 debet
525 1880 634 1945 fallere,
648 1883 710 1952 quie

215 1954 280 2006 dixit
294 1958 394 2009 Lavino
405 1959 489 2010 litora.
509 1960 582 2010 Litus
594 1961 712 2012 enirn'di-

215 2036 283 2086 citur
293 2049 361 2088 terra
375 2055 481 2108 quoque
492 2040 558 2088 mari
567 2040 653 2090 vicina
662 2061 667 2088 t
676 2041 709 2090 si·

217 2127 263 2166 cut
278 2117 334 2187 ipse
348 2119 473 2190 Virgilius
489 2120 517 2170 in
534 2132 645 2190 quarto,
665 2120 712 2170 ent

214 2193 276 2248 litus
287 2197 431 2263 arandum,
443 2217 524 2268 quum
531 2217 580 2268 per
589 2212 710 2250 naturam

215 2272 278 2325 litus
291 2277 361 2326 arani
375 2295 429 2327 non
442 2279 534 2346 possit.
547 2277 616 2348 Ergo
628 2279 712 2330 scien-

211 2350 280 2402 dum
302 2352 364 2403 litus
383 2367 409 2404 et
431 2367 529 2406 terram
548 2355 600 2406 dici
621 2373 710 2426 posse.

215 2431 284 2481 Serv.
292 2432 451 2483 -Multum
464 2433 509 2484 itte
516 2447 542 2484 et
552 2435 713 2505 terrisjacta-

215 2521 255 2560 tus
273 2519 300 2559 et
316 2509 379 2560 ulto.
393 2511 498 2560 -atia
514 2529 574 2561 curn
590 2514 712 2582 proposi·

215 2590 288 2640 tione
299 2588 394 2640 divisio
405 2599 444 2640 e'st
454 2609 461 2639 =
473 2589 565 2640 scribit
575 2591 644 2642 euim
655 2609 712 2661 quar

216 2669 298 2733 mari,
310 2686 367 2738 quae
375 2681 448 2720 terra
458 2671 610 2738 sitzpassusr
621 2683 647 2721 ct
656 2669 712 2724 haec

213 2749 289 2801 libris
310 2767 355 2801 sex
373 2751 509 2822 prioribus
533 2753 710 2804 eontinentur.

213 2857 251 2870 --
262 2831 298 2880 Et
309 2830 378 2881 terris
381 2833 504 2900 jactatus.
519 2831 655 2902 Fatigatus
672 2845 712 2884 est

145 2911 146 2914 ’
217 2909 287 2958 enirn
304 2907 376 2978 apud
389 2907 530 2960 Thraciam
547 2923 665 2960 monstro
679 2911 712 2961 il-

216 2987 262 3051 lo,
280 2986 379 3057 quode
393 2987 495 3038 tumulo
510 2987 633 3058 Polydori
650 3007 712 3040 san·

215 3068 274 3138 guis
286 3067 434 3118 emanavit:
452 3065 524 3136 apud
536 3065 640 3118 Cretam
656 3086 714 3138 pes·

214 3147 334 3198 tileutia:
348 3144 421 3216 apud
435 3144 598 3216 Strophadas
610 3147 712 3198 insulas

207 3227 327 3298 'Harpyis
337 3247 342 3275 :
354 3237 511 3296 tempestate
520 3243 584 3275 vero
594 3235 619 3275 et
626 3226 653 3275 in
661 3227 714 3296 pri-

215 3324 274 3373 mo,
284 3317 309 3357 et
317 3307 344 3356 in
352 3307 438 3357 tertio.
447 3306 583 3356 lactamur
591 3317 679 3356 autem
686 3307 713 3356 in

214 3387 295 3435 maris
309 3384 445 3450 fluctibus,
459 3386 603 3456 fatigamur
617 3385 644 3435 in
661 3396 713 3436 ter-

216 3465 268 3514 ris:
284 3475 310 3514 et
321 3463 389 3514 bene
400 3465 512 3516 duorum
522 3464 713 3517 elementorum

215 3542 286 3594 mala
295 3559 348 3592 uno
361 3559 481 3594 sermone
492 3543 631 3596 conclusit.
642 3547 711 3598 Seru.

215 3650 218 3656 ·
251 3630 276 3686 4.
299 3622 331 3673 Vi
350 3640 477 3692 supemm.
497 3625 630 3678 Violentia
649 3626 712 3678 deo·

752 1496 855 1534 turnam
865 1519 873 1548 ,
882 1483 1032 1546 Junoncm,
1045 1478 1092 1532 sed
1105 1479 1202 1531 melius
1210 1481 1256 1547 ju·
1322 1499 1323 1506 ¹

753 1561 860 1628 dicant,
880 1563 908 1612 vi
929 1580 1008 1632 quam
1029 1560 1120 1631 superi
1144 1557 1256 1610 habent.
1322 1579 1323 1624 3

753 1644 821 1695 Serv.
831 1671 864 1680 -
873 1642 900 1695 V
897 1643 906 1691 i
917 1659 1046 1712 superum.
1062 1640 1108 1689 Vis
1122 1651 1163 1690 est
1174 1655 1258 1708 quum

753 1720 782 1771 fit
791 1719 892 1790 aliquid
900 1731 994 1770 contra
1002 1719 1083 1789 leges,
1092 1716 1170 1768 idest
1178 1753 1187 1782 ‚
1196 1735 1259 1768 con·
1322 1715 1323 1782 i

754 1813 796 1851 tra
804 1801 898 1850 fatum.
909 1800 945 1848 Ut
956 1811 1043 1848 autern
1053 1795 1178 1848 ostendat
1188 1795 1257 1846 nihil
1322 1817 1323 1820 ¹

755 1871 807 1922 tale
819 1870 853 1921 de
870 1870 973 1940 superis
988 1869 1115 1920 meruisse
1128 1867 1257 1927 AEneam3
1322 1879 1323 1884 ’

756 1950 830 2001 addit
842 1973 847 2000 :
859 1951 938 2002 Soevoe
949 1965 1087 1998 memorem
1099 1945 1216 1996 Junonts
1228 1946 1258 1995 ob
1322 1971 1323 2002 3

756 2030 829 2080 iram.
849 2029 919 2100 Ergo
942 2046 996 2078 non
1015 2037 1127 2096 propter
1149 2024 1259 2094 culpam
1322 2061 1323 2078 t

757 2110 842 2160 AEneae
866 2109 987 2158 fecerunt
1014 2105 1122 2176 superi,
1151 2102 1201 2154 sed
1229 2115 1258 2152 ut
1322 2121 1323 2162 3

756 2181 968 2261 obsequerentur
987 2187 1106 2250 lunoni,
1128 2197 1260 2255 tanquam
1322 2219 1323 2230 t

756 2275 874 2323 omnium
899 2271 1003 2341 regina.
1024 2270 1157 2339 Purgatur
1179 2268 1259 2338 igitur
1322 2293 1323 2324 t

755 2357 865 2415 teneas,
874 2363 901 2402 et
913 2349 1078 2400 deformatur
1086 2350 1157 2399 Juno
1169 2347 1260 2398 adver-

756 2433 834 2482 saria.
848 2431 944 2480 Donat.
963 2428 1031 2479 Vide
1050 2429 1200 2478 Excursum
1220 2427 1258 2489 Γ,
1322 2433 1323 2488 3

756 2523 819 2560 torn.
833 2511 872 2574 11,
888 2519 956 2560 nost.
970 2507 1037 2558 Edit.
1051 2519 1112 2578 pag.
1127 2507 1185 2574 167.

793 2581 1031 2659 hMustuquoqroe
1043 2597 1070 2637 et
1080 2585 1146 2636 bello
1159 2605 1257 2658 passus.

756 2670 815 2719 Hoc
828 2667 863 2719 ad
874 2669 1035 2738 posteriores
1045 2685 1089 2743 sex
1098 2667 1218 2737 pertinet
1230 2666 1259 2718 li·

755 2747 828 2815 bros,
836 2749 863 2798 in
871 2747 967 2818 quibus
975 2749 1061 2818 agitur
1067 2747 1102 2798 de
1110 2746 1185 2798 hello
1193 2765 1258 2798 con·
1322 2741 1323 2780 1

755 2826 1258 2887 tra'l'urnum‚··-Dumcondereturhem,¹
1322 2827 1323 2832 ’

756 2908 905 2972 Lavinium
918 2911 1035 2978 inquam
1046 2907 1116 2957 Deos
1136 2918 1162 2957 et
1180 2923 1257 2958 sacra

757 2989 860 3051 intulit;
881 3007 939 3060 qua
952 2989 1067 3059 primum
1083 2985 1174 3050 Albae,
1195 2983 1258 3037 dein

756 3069 845 3118 Romae
863 3085 959 3138 parens
980 3067 1039 3118 fuit.
1059 3065 1165 3117 Servius
1185 3065 1256 3116 male
1322 3065 1323 3106 l

757 3158 810 3198 tres
820 3146 1026 3218 significationes
1037 3143 1141 3209 attulit,
1154 3145 1242 3212 Trojae
1248 3181 1257 3207 ,

757 3225 1259 3294 LaviniietRomae.HaecTroja‚quiam
1322 3255 1323 3260 =

757 3307 820 3356 feeit
832 3307 921 3356 statim
935 3317 997 3374 post
1009 3301 1154 3355 adventum
1169 3303 1259 3352 111111-

757 3384 820 3436 liam
835 3387 946 3449 AEneas,
968 3383 1014 3435 lib.
1029 3383 1092 3447 Vll,
1111 3381 1177 3452 159,
1199 3399 1258 3432 cas·
1322 3407 1323 3448 ;

756 3477 857 3516 trorum
870 3468 1052 3537 potiusquam
1062 3463 1131 3514 uritis
1139 3463 1257 3532 speciem
1322 3481 1323 3542 ζ

757 3544 886 3615 praebuit;
898 3563 985 3615 neque
997 3543 1076 3611 hujus
1089 3539 1145 3592 ulla
1158 3543 1258 3592 mentio
1322 3545 1323 3612 l

756 3636 850 3692 postea
868 3625 941 3675 facta
956 3635 1003 3674 est.
1021 3623 1082 3671 Non
1106 3619 1202 3689 melius
1225 3618 1259 3672 de

216 3718 293 3764 rum,
315 3699 459 3751 secundum
481 3704 644 3772 Homerum,
665 3707 711 3776 qui
755 3705 853 3770 Roma,
872 3721 960 3774 neque
978 3703 1011 3754 de
1029 3701 1112 3762 Alba3
1132 3717 1196 3754 nam
1214 3699 1259 3750 hic
1322 3730 1323 3766 t

215 3779 281 3842 dicit
296 3780 429 3831 adunone
444 3795 550 3853 rogatos
571 3802 627 3836 esse
646 3784 710 3838 deos
755 3782 887 3834 indicatur
908 3783 973 3834 urbs
993 3780 1058 3844 illa,
1082 3797 1165 3850 quam
1189 3781 1259 3830 inter
1322 3783 1323 3814 i

215 3858 243 3907 in
265 3855 355 3906 odium
377 3859 561 3928 Trojanorum.
587 3863 711 3914 Latenter
754 3861 1260 3930 hellacondidit‚etexquaprtisunt

216 3934 335 3989 defendit
356 3935 406 3991 hac
433 3941 535 3992 ratione
560 3942 710 4012 Trojanos,
754 3940 1211 4014 AlbonipatresetllomoeQuirites·
1322 3928 1323 3938 ¹
