2676 4602
333 311 384 376 rn
409 303 643 380 nnrrnos
667 307 760 380 ma
784 315 824 379 v.
936 265 938 270 ⁵
1034 322 1095 403 sp

69 425 190 492 Somnus
197 435 346 495 cunctanti
354 436 487 494 natantia
498 431 611 495 lumino
618 431 720 496 solvit:
730 436 850 519 explico
860 437 981 520 singula
990 429 1000 499 r
1010 459 1098 501 eune*

57 521 150 593 ·tanti,
171 523 203 582 id
216 525 279 600 est,
294 525 490 599 immoranti,
503 538 534 584 et
546 525 710 585 reluctanti
728 539 758 586 et
776 539 884 588 contra
900 531 963 588 vim
976 531 1096 589 somni:

70 611 211 685 natantia,
226 611 259 672 id
271 625 337 686 est,
347 613 390 671 ait
401 612 534 694 Scaliger
542 657 550 688 ,
555 613 710 696 fluitantia
716 639 727 688 ,·
739 637 819 676 nuno
829 619 908 676 enim
918 621 1096 700 aperiuntur,

68 695 346 761 annectendum:
361 699 484 760 demum
496 698 581 760 solvit
592 699 704 761 lumino
710 747 720 776 ,
740 701 773 760 id
785 717 843 778 est,
863 704 937 764 facit
948 706 1097 780 Somnus,

63 799 104 844 are
113 783 273 852 Palinurus
280 786 394 849 habeat
403 789 522 850 lumina
533 792 667 866 intenta,
678 792 775 868 acria,
786 793 906 868 rivida3
919 793 977 853 sed·
985 793 1098 869 soluta,

69 873 202 952 remissa,
215 876 374 959 languida.
805 939 807 946 ,

103 958 166 1042 857.
186 966 248 1042 Qui
264 981 337 1027 sunt
352 979 431 1027 arttu
448 969 559 1048 primi?
583 968 715 1028 Somnus
732 969 777 1028 ita
793 969 871 1030 solet
889 975 1039 1054 irrepere,
1062 985 1099 1031 ut
1144 1029 1145 1032 ,

67 1045 195 1122 primum
208 1077 277 1136 quae
290 1069 365 1115 sunt
376 1056 526 1115 exteriora
544 1058 577 1115 in
589 1055 718 1116 homine
730 1055 862 1135 relaxet,
880 1082 915 1120 ac
931 1059 1043 1132 solvat3
1064 1079 1099 1120 ac

67 1137 208 1213 paulatim
223 1142 392 1226 procedens
404 1147 567 1206 interiores
581 1166 686 1207 sensus
703 1147 825 1228 alliget,
844 1164 875 1210 et
887 1151 1100 1229 constringat:

67 1243 133 1313 orgo
150 1244 183 1291 ut
199 1234 332 1316 explicet
347 1247 442 1316 poeta
458 1235 588 1296 celerem
605 1249 738 1296 mortem
753 1238 909 1315 Palinuri,
931 1241 988 1314 nit,
1007 1237 1099 1308 illum

66 1305 183 1394 lapsum
193 1321 336 1382 nondum
349 1341 461 1394 somno
474 1335 615 1404 serpente
627 1324 666 1384 ad
677 1325 827 1384 interiora
836 1327 961 1400 animae,
974 1338 1100 1385 tantum

67 1415 143 1465 artus
156 1425 337 1490 occupante.
353 1413 422 1470 Hoc
434 1413 459 1470 si
472 1432 536 1471 non
548 1411 683 1494 placeat,
697 1414 818 1495 explica
829 1436 885 1497 per
895 1413 1098 1496 hypallagen,

67 1487 125 1549 ita:
147 1499 197 1558 vix
216 1501 303 1582 quies
321 1501 423 1580 prima
441 1498 598 1560 laxaverat
616 1516 701 1562 artus
719 1505 894 1585 inopinos:
912 1503 980 1563 dici
995 1515 1099 1562 autem

68 1595 179 1656 queunt
192 1601 276 1649 artus
290 1589 430 1668 inopini,
446 1608 525 1669 quos
536 1589 668 1649 Somnus
680 1591 846 1672 inopinato
859 1589 1044 1672 aggreditur.

103 1669 165 1732 858.
183 1677 265 1737 Tum
284 1677 416 1736 Somnus
435 1674 620 1736 incumbens
638 1699 730 1759 super
748 1678 946 1754 Palinurum,
966 1674 1100 1758 projecit

66 1759 251 1840 praecipitem
268 1765 301 1823 in
317 1763 437 1823 undas:
456 1764 489 1822 in
506 1761 566 1823 hoc
583 1785 656 1824 casu
671 1764 772 1826 elucet
790 1765 929 1847 elogium
941 1763 1100 1834 Palinuri,

68 1845 117 1920 qui
128 1846 168 1907 ita
179 1851 267 1913 clavo
280 1851 427 1928 haeserat,
441 1868 475 1912 ut
485 1852 597 1913 cadens
607 1853 698 1914 illum
710 1875 816 1916 secum
829 1849 977 1928 traheret,
989 1865 1019 1912 et
1028 1871 1100 1934 par-

67 1940 123 1992 tem
132 1939 224 2002 etiam
237 1943 368 2025 puppis,
380 1944 430 2003 cui
440 1940 551 2003 affixus
561 1943 676 2005 clavus.
691 1945 797 2022 Quum
807 1947 1099 2014 aitvocevoeantem‚

67 2035 125 2080 non
137 2041 179 2088 est
192 2031 408 2112 pleonasmus;
425 2031 478 2092 sed
495 2033 642 2113 exprimit
656 2033 930 2108 vociferationem,
947 2049 1009 2110 qua
1025 2047 1103 2088 usus

67 2105 234 2181 Palinurus.
251 2123 319 2182 Hoc
330 2120 419 2180 facto
429 2122 463 2179 in
475 2121 574 2180 altum
586 2123 719 2182 Somnus
732 2121 893 2182 revolavit.

103 2200 167 2265 862.
186 2209 341 2269 Venustus
353 2229 458 2267 versus
471 2209 623 2268 conflatus
639 2229 675 2268 ex
686 2207 817 2268 vocibus
829 2209 1024 2267 diversorum
1041 2199 1100 2261 ele·

68 2302 255 2368 mentorum
276 2315 349 2372 nam
361 2287 458 2354 elassis
473 2297 579 2369 currit,
598 2308 628 2355 et
643 2308 746 2355 tutum
759 2311 805 2356 est
818 2298 871 2356 iter
884 2312 1015 2376 oequore:
1034 2309 1103 2350 sen·

67 2378 156 2437 tentia
171 2381 292 2463 integra
306 2395 367 2455 est;
382 2385 448 2440 non
460 2381 550 2440 aliter
562 2384 587 2441 it
599 2383 706 2442 elassis
718 2405 775 2466 per
784 2403 886 2460 mare,
901 2403 938 2442 ae
950 2383 975 2441 si
986 2377 1098 2461 guber-

69 2478 202 2528 natorem
211 2469 354 2545 haberet,
367 2471 440 2550 quia
449 2469 593 2531 videlieet
598 2469 665 2552 jam
674 2493 857 2556 prosperam
867 2471 1100 2551 navigationem

68 2545 171 2616 Veneri
185 2561 348 2641 Neptunus
359 2560 556 2640 promiserat.

103 2642 167 2719 864.
182 2647 238 2707 Sed
251 2668 318 2708 ecce
327 2649 361 2706 iu
373 2647 508 2706 secundo
519 2667 612 2706 cursu
624 2646 729 2728 aliqua
741 2647 922 2720 infelicitas3
936 2665 1010 2704 nam
1022 2641 1099 2702 clas-

68 2724 104 2783 sis
116 2729 291 2815 impegisset
303 2755 390 2815 paene
403 2736 436 2793 in
451 2733 597 2815 scopulos
610 2735 766 2810 Sirenum,
785 2734 840 2794 ubi
853 2733 1006 2792 deformia
1021 2728 1100 2789 olim

68 2816 237 2902 naufragia3
247 2835 283 2881 ut
290 2819 515 2882 indiciumerat
523 2820 562 2881 ab
572 2823 691 2882 ossibus
698 2824 897 2895 miserorum3
908 2820 970 2880 nisi
978 2819 1101 2891 AEneas,

68 2913 99 2960 m
106 2912 208 2987 sensit,
219 2931 277 2993 pro
287 2911 492 2992 gubernatore
499 2913 599 2994 puppi
607 2911 782 2989 adstitisset,
792 2926 824 2972 et
831 2910 953 2972 clavum
960 2907 1100 2968 rexisset:

74 3047 81 3056 “
96 3053 152 3109 858.
159 3063 276 3136 Etsuper
283 3063 438 3116 incumbens.
445 3063 559 3136 Elegans
640 3065 699 3118 866.
712 3066 780 3118 Tam
793 3085 879 3118 rauca.
896 3065 935 3116 Ac
947 3063 970 3114 si
982 3061 1100 3121 diceret;

69 3127 234 3212 hypotyposis
254 3166 259 3194 :
281 3145 319 3196 sio
339 3155 427 3196 autem
447 3143 559 3196 Somnus
604 3145 717 3198 antehac
737 3145 888 3198 delectabili
904 3161 970 3194 voce
991 3156 1103 3192 resona-

68 3219 222 3288 Praeeipitem
230 3221 305 3275 dedit
314 3225 341 3275 in
352 3222 447 3274 fluetus
455 3221 560 3275 Palinu·
603 3226 685 3293 bant,
696 3239 759 3278 tunc
771 3225 894 3278 fluetibus
907 3223 985 3276 solis:
997 3220 1100 3274 etbene

69 3305 139 3362 mm,
157 3314 187 3353 ut
203 3321 292 3355 seeum
309 3317 335 3356 et
351 3303 561 3376 gubernaculum
604 3307 725 3360 imitatus·
735 3317 774 3358 est
786 3307 865 3358 maris
873 3300 1098 3355 stridoremSeru.

68 3371 191 3448 traheret,
204 3396 230 3436 et
242 3396 345 3454 partem
355 3384 446 3443 navim
458 3383 558 3434 frustra
602 3416 636 3424 -
646 3384 706 3438 Sale
719 3404 781 3438 saxa
792 3385 925 3438 sonabant.
942 3380 1103 3446 Σιγμαπισμᾷ

70 3465 142 3520 ⁰Pem
153 3459 341 3516 dormientium
358 3465 490 3516 sociorum
507 3465 558 3514 im·
602 3464 742 3517 stridorem
755 3465 835 3516 maris
847 3463 990 3534 expressit:
1003 3461 1035 3514 de
1046 3478 1106 3532 quo»

70 3530 180 3598 plorans.
193 3545 304 3616 ijecit
313 3556 401 3596 autern
412 3557 465 3610 est,
476 3562 560 3615 porro
603 3543 698 3615 Soalig.
707 3544 752 3608 lV,
763 3544 812 3610 48;
825 3545 888 3594 item
898 3560 987 3613 supra,
996 3539 1100 3593 AEneid.

68 3610 186 3682 jecit,aut
196 3623 289 3696 procul
300 3625 414 3692 jecit-
423 3627 561 3696 Cumpup-
603 3625 648 3687 IV,
659 3619 718 3673 526.
731 3619 846 3674 Adsiduo
857 3631 944 3673 autem
959 3620 1026 3686 sale,
1045 3632 1101 3686 est,

68 3690 104 3755 l⁹¹⁰⁵
115 3711 194 3765 parte.
204 3704 419 3764 Prooeeonomia;
433 3715 463 3754 ut
471 3703 560 3755 triduo
603 3701 738 3772 frequenti
751 3701 832 3758 maris
847 3699 963 3772 impulsu
977 3713 1003 3752 et
1014 3697 1103 3751 adsul-

70 3782 368 3850 natareporuerituerv.
426 3829 433 3834 ,
605 3795 642 3833 tu.
658 3779 766 3831 Taubm.

102 3849 158 3906 865.
179 3859 314 3934 Difficiles.
333 3859 451 3931 Navigiis
471 3861 561 3931 perni-
640 3861 699 3915 868.
709 3858 926 3913 Nocramierexit
936 3859 963 3909 in
973 3858 1057 3912 undis.
1069 3855 1104 3911 ld

70 3925 166 3987 tiosos:
176 3952 206 3991 ut
216 3943 262 4012 qni
274 3941 399 3994 saevitiam
408 3957 484 3992 suam
495 3939 562 3992 mul·
605 3951 661 4006 est,
676 3957 726 4012 per
737 3949 844 3992 noctem
854 3937 882 3989 in
892 3938 968 3988 mari.
981 3937 1105 3990 Heroicis

72 4006 177 4072 titudine
187 4023 285 4076 ossium
297 4032 464 4076 testarentur.
479 4019 559 4074 Taub.
605 4029 694 4071 autem
703 4015 882 4090 temporibus,
894 4028 924 4068 ut
932 4014 1015 4068 nandi
1025 4015 1104 4066 insci·
