<?xml version="1.0" encoding="UTF-8"?>
<!DOCTYPE html PUBLIC "-//W3C//DTD XHTML 1.0 Transitional//EN"
    "http://www.w3.org/TR/xhtml1/DTD/xhtml1-transitional.dtd">
<html xmlns="http://www.w3.org/1999/xhtml" xml:lang="en" lang="en">
 <head>
  <title>
</title>
<meta http-equiv="Content-Type" content="text/html;charset=utf-8" />
  <meta name='ocr-system' content='tesseract 3.04.00' />
  <meta name='ocr-capabilities' content='ocr_page ocr_carea ocr_par ocr_line ocrx_word'/>
</head>
<body>
  <div class='ocr_page' id='page_1' title='image "./pvirgiliusmaroq02barbgoog_0088.png"; bbox 0 0 2700 4586; ppageno 0'>
   <div class='ocr_carea' id='block_1_1' title="bbox 244 254 955 334">
    <p class='ocr_par' dir='ltr' id='par_1_1' title="bbox 244 254 955 334">
     <span class='ocr_line' id='line_1_1' title="bbox 244 254 955 334; baseline 0 -16"><span class='ocrx_word' id='word_1_1' title='bbox 244 257 285 334; x_wconf 71' lang='lat' dir='ltr'>la</span> <span class='ocrx_word' id='word_1_2' title='bbox 573 254 955 321; x_wconf 85' lang='lat' dir='ltr'><strong>COMMENTARIA</strong></span> 
     </span>
    </p>
   </div>
   <div class='ocr_carea' id='block_1_2' title="bbox 228 376 1294 3208">
    <p class='ocr_par' dir='ltr' id='par_1_2' title="bbox 240 376 1288 1345">
     <span class='ocr_line' id='line_1_2' title="bbox 242 376 1284 462; baseline 0.006 -26"><span class='ocrx_word' id='word_1_3' title='bbox 242 377 371 438; x_wconf 88' lang='lat' dir='ltr'>verbum</span> <span class='ocrx_word' id='word_1_4' title='bbox 385 381 509 460; x_wconf 90' lang='lat' dir='ltr'>utrique</span> <span class='ocrx_word' id='word_1_5' title='bbox 524 378 569 438; x_wconf 83' lang='lat' dir='ltr'>rei</span> <span class='ocrx_word' id='word_1_6' title='bbox 585 376 750 438; x_wconf 89' lang='lat' dir='ltr'>commode</span> <span class='ocrx_word' id='word_1_7' title='bbox 766 390 929 462; x_wconf 89' lang='lat' dir='ltr'>aptatum:</span> <span class='ocrx_word' id='word_1_8' title='bbox 946 398 1020 437; x_wconf 89' lang='lat' dir='ltr'>nam</span> <span class='ocrx_word' id='word_1_9' title='bbox 1035 379 1146 440; x_wconf 83' lang='lat' dir='ltr'>Latine</span> <span class='ocrx_word' id='word_1_10' title='bbox 1160 379 1284 462; x_wconf 87' lang='lat' dir='ltr'>elegan-</span> 
     </span>
     <span class='ocr_line' id='line_1_3' title="bbox 240 465 1286 550; baseline 0.004 -24"><span class='ocrx_word' id='word_1_11' title='bbox 240 478 301 540; x_wconf 85' lang='lat' dir='ltr'>ter,</span> <span class='ocrx_word' id='word_1_12' title='bbox 317 481 347 526; x_wconf 92' lang='lat' dir='ltr'>et</span> <span class='ocrx_word' id='word_1_13' title='bbox 365 465 437 549; x_wconf 74' lang='lat' dir='ltr'>leges</span> <span class='ocrx_word' id='word_1_14' title='bbox 451 488 571 549; x_wconf 78' lang='lat' dir='ltr'>ponere,</span> <span class='ocrx_word' id='word_1_15' title='bbox 589 479 619 526; x_wconf 89' lang='lat' dir='ltr'>et</span> <span class='ocrx_word' id='word_1_16' title='bbox 633 469 740 526; x_wconf 85' lang='lat' dir='ltr'>moenia</span> <span class='ocrx_word' id='word_1_17' title='bbox 754 486 869 547; x_wconf 84' lang='lat' dir='ltr'>ponere.</span> <span class='ocrx_word' id='word_1_18' title='bbox 886 465 1003 526; x_wconf 87' lang='lat' dir='ltr'>lnclusi</span> <span class='ocrx_word' id='word_1_19' title='bbox 1021 468 1200 548; x_wconf 82' lang='lat' dir='ltr'><strong>parenthesi</strong></span> <span class='ocrx_word' id='word_1_20' title='bbox 1215 491 1286 550; x_wconf 87' lang='lat' dir='ltr'>par-</span> 
     </span>
     <span class='ocr_line' id='line_1_4' title="bbox 241 555 1286 638; baseline 0.005 -24"><span class='ocrx_word' id='word_1_21' title='bbox 241 569 304 615; x_wconf 91' lang='lat' dir='ltr'>tem</span> <span class='ocrx_word' id='word_1_22' title='bbox 320 555 421 632; x_wconf 89' lang='lat' dir='ltr'>illam,</span> <span class='ocrx_word' id='word_1_23' title='bbox 437 577 532 638; x_wconf 91' lang='lat' dir='ltr'>quam</span> <span class='ocrx_word' id='word_1_24' title='bbox 548 555 669 630; x_wconf 85' lang='lat' dir='ltr'>videas3</span> <span class='ocrx_word' id='word_1_25' title='bbox 687 557 729 615; x_wconf 84' lang='lat' dir='ltr'>sic</span> <span class='ocrx_word' id='word_1_26' title='bbox 743 557 828 615; x_wconf 85' lang='lat' dir='ltr'>enim</span> <span class='ocrx_word' id='word_1_27' title='bbox 842 557 1081 618; x_wconf 87' lang='lat' dir='ltr'>correctissimus</span> <span class='ocrx_word' id='word_1_28' title='bbox 1092 559 1231 632; x_wconf 86' lang='lat' dir='ltr'>Servius;</span> <span class='ocrx_word' id='word_1_29' title='bbox 1243 561 1286 619; x_wconf 86' lang='lat' dir='ltr'>sic</span> 
     </span>
     <span class='ocr_line' id='line_1_5' title="bbox 241 642 1286 728; baseline 0.003 -26"><span class='ocrx_word' id='word_1_30' title='bbox 241 664 308 702; x_wconf 87' lang='lat' dir='ltr'>non</span> <span class='ocrx_word' id='word_1_31' title='bbox 320 646 426 724; x_wconf 91' lang='lat' dir='ltr'>pauci:</span> <span class='ocrx_word' id='word_1_32' title='bbox 442 659 478 704; x_wconf 90' lang='lat' dir='ltr'>ut</span> <span class='ocrx_word' id='word_1_33' title='bbox 491 646 590 720; x_wconf 91' lang='lat' dir='ltr'>dicat,</span> <span class='ocrx_word' id='word_1_34' title='bbox 602 643 695 728; x_wconf 82' lang='lat' dir='ltr'>fabor</span> <span class='ocrx_word' id='word_1_35' title='bbox 708 642 758 704; x_wconf 79' lang='lat' dir='ltr'>tibi</span> <span class='ocrx_word' id='word_1_36' title='bbox 762 667 774 716; x_wconf 90' lang='grc'>,·</span> <span class='ocrx_word' id='word_1_37' title='bbox 794 645 907 718; x_wconf 75' lang='lat' dir='ltr'>namsi</span> <span class='ocrx_word' id='word_1_38' title='bbox 923 643 973 704; x_wconf 85' lang='lat' dir='ltr'>tibi</span> <span class='ocrx_word' id='word_1_39' title='bbox 985 643 1127 704; x_wconf 81' lang='lat' dir='ltr'><strong>excludas</strong></span> <span class='ocrx_word' id='word_1_40' title='bbox 1142 667 1159 704; x_wconf 89' lang='lat' dir='ltr'>a</span> <span class='ocrx_word' id='word_1_41' title='bbox 1172 667 1286 726; x_wconf 87' lang='lat' dir='ltr'>paren-</span> 
     </span>
     <span class='ocr_line' id='line_1_6' title="bbox 242 730 1287 815; baseline 0.003 -24"><span class='ocrx_word' id='word_1_42' title='bbox 242 730 339 810; x_wconf 90' lang='lat' dir='ltr'>thesi,</span> <span class='ocrx_word' id='word_1_43' title='bbox 359 736 513 794; x_wconf 86' lang='lat' dir='ltr'>sententia</span> <span class='ocrx_word' id='word_1_44' title='bbox 528 733 597 808; x_wconf 87' lang='lat' dir='ltr'>illa,</span> <span class='ocrx_word' id='word_1_45' title='bbox 618 732 668 793; x_wconf 85' lang='lat' dir='ltr'>tibi</span> <span class='ocrx_word' id='word_1_46' title='bbox 681 746 760 814; x_wconf 74' lang='lat' dir='ltr'>geret</span> <span class='ocrx_word' id='word_1_47' title='bbox 776 730 897 807; x_wconf 86' lang='lat' dir='ltr'>bellum,</span> <span class='ocrx_word' id='word_1_48' title='bbox 917 747 948 793; x_wconf 93' lang='lat' dir='ltr'>et</span> <span class='ocrx_word' id='word_1_49' title='bbox 964 733 1081 815; x_wconf 83' lang='lat' dir='ltr'>frigida</span> <span class='ocrx_word' id='word_1_50' title='bbox 1095 749 1154 809; x_wconf 84' lang='lat' dir='ltr'>est,</span> <span class='ocrx_word' id='word_1_51' title='bbox 1174 748 1206 794; x_wconf 85' lang='lat' dir='ltr'>et</span> <span class='ocrx_word' id='word_1_52' title='bbox 1220 755 1287 794; x_wconf 91' lang='lat' dir='ltr'>non</span> 
     </span>
     <span class='ocr_line' id='line_1_7' title="bbox 240 821 1286 907; baseline 0.002 -27"><span class='ocrx_word' id='word_1_53' title='bbox 240 841 323 882; x_wconf 85' lang='lat' dir='ltr'>vera.</span> <span class='ocrx_word' id='word_1_54' title='bbox 337 824 453 884; x_wconf 86' lang='lat' dir='ltr'><strong>Contra</strong></span> <span class='ocrx_word' id='word_1_55' title='bbox 466 837 549 907; x_wconf 86' lang='lat' dir='ltr'>apta,</span> <span class='ocrx_word' id='word_1_56' title='bbox 563 821 613 884; x_wconf 86' lang='lat' dir='ltr'>tibi</span> <span class='ocrx_word' id='word_1_57' title='bbox 619 822 719 905; x_wconf 83' lang='lat' dir='ltr'>fabor,</span> <span class='ocrx_word' id='word_1_58' title='bbox 729 821 847 902; x_wconf 82' lang='lat' dir='ltr'>qvando</span> <span class='ocrx_word' id='word_1_59' title='bbox 857 843 929 882; x_wconf 86' lang='lat' dir='ltr'>cvra</span> <span class='ocrx_word' id='word_1_60' title='bbox 938 821 999 882; x_wconf 83' lang='lat' dir='ltr'>baec</span> <span class='ocrx_word' id='word_1_61' title='bbox 1007 824 1148 884; x_wconf 75' lang='lat' dir='ltr'>remordet</span> <span class='ocrx_word' id='word_1_62' title='bbox 1156 837 1198 884; x_wconf 85' lang='lat' dir='ltr'>te:</span> <span class='ocrx_word' id='word_1_63' title='bbox 1209 843 1286 905; x_wconf 79' lang='lat' dir='ltr'>prae·</span> 
     </span>
     <span class='ocr_line' id='line_1_8' title="bbox 241 909 1287 994; baseline -0.001 -24"><span class='ocrx_word' id='word_1_64' title='bbox 241 923 325 970; x_wconf 81' lang='lat' dir='ltr'>terea</span> <span class='ocrx_word' id='word_1_65' title='bbox 330 911 424 994; x_wconf 82' lang='lat' dir='ltr'>fabor</span> <span class='ocrx_word' id='word_1_66' title='bbox 437 911 486 973; x_wconf 85' lang='lat' dir='ltr'>tibi</span> <span class='ocrx_word' id='word_1_67' title='bbox 490 957 501 985; x_wconf 91' lang='lat'>‚</span> <span class='ocrx_word' id='word_1_68' title='bbox 518 933 589 993; x_wconf 81' lang='lat' dir='ltr'>quae</span> <span class='ocrx_word' id='word_1_69' title='bbox 603 930 667 970; x_wconf 93' lang='lat' dir='ltr'>non</span> <span class='ocrx_word' id='word_1_70' title='bbox 682 909 818 970; x_wconf 83' lang='lat' dir='ltr'>dicerem</span> <span class='ocrx_word' id='word_1_71' title='bbox 833 909 920 970; x_wconf 87' lang='lat' dir='ltr'>alteri</span> <span class='ocrx_word' id='word_1_72' title='bbox 933 935 940 970; x_wconf 73' lang='grc' dir='ltr'>ε</span> <span class='ocrx_word' id='word_1_73' title='bbox 947 909 1039 994; x_wconf 85' lang='lat' dir='ltr'>fabor</span> <span class='ocrx_word' id='word_1_74' title='bbox 1052 911 1116 984; x_wconf 84' lang='lat' dir='ltr'>tibi,</span> <span class='ocrx_word' id='word_1_75' title='bbox 1132 933 1201 994; x_wconf 83' lang='lat' dir='ltr'>quae</span> <span class='ocrx_word' id='word_1_76' title='bbox 1216 931 1287 970; x_wconf 87' lang='lat' dir='ltr'>mea</span> 
     </span>
     <span class='ocr_line' id='line_1_9' title="bbox 241 997 1287 1083; baseline 0.004 -27"><span class='ocrx_word' id='word_1_77' title='bbox 241 1019 274 1056; x_wconf 91' lang='lat' dir='ltr'>es</span> <span class='ocrx_word' id='word_1_78' title='bbox 291 997 378 1058; x_wconf 89' lang='lat' dir='ltr'>filia:</span> <span class='ocrx_word' id='word_1_79' title='bbox 397 1002 530 1060; x_wconf 86' lang='lat' dir='ltr'>verbum</span> <span class='ocrx_word' id='word_1_80' title='bbox 541 998 634 1083; x_wconf 84' lang='lat' dir='ltr'>fabor</span> <span class='ocrx_word' id='word_1_81' title='bbox 651 1014 722 1080; x_wconf 84' lang='lat' dir='ltr'>apte</span> <span class='ocrx_word' id='word_1_82' title='bbox 742 999 836 1059; x_wconf 89' lang='lat' dir='ltr'>datur</span> <span class='ocrx_word' id='word_1_83' title='bbox 855 1002 943 1077; x_wconf 89' lang='lat' dir='ltr'>Jovi,</span> <span class='ocrx_word' id='word_1_84' title='bbox 962 1002 1016 1080; x_wconf 91' lang='lat' dir='ltr'>qui</span> <span class='ocrx_word' id='word_1_85' title='bbox 1030 999 1095 1061; x_wconf 87' lang='lat' dir='ltr'>fata</span> <span class='ocrx_word' id='word_1_86' title='bbox 1115 1003 1287 1062; x_wconf 88' lang='lat' dir='ltr'>constituit.</span> 
     </span>
     <span class='ocr_line' id='line_1_10' title="bbox 241 1086 1288 1172; baseline 0.004 -28"><span class='ocrx_word' id='word_1_87' title='bbox 241 1086 345 1166; x_wconf 78' lang='lat' dir='ltr'>Pergit</span> <span class='ocrx_word' id='word_1_88' title='bbox 357 1103 387 1148; x_wconf 87' lang='lat' dir='ltr'>et</span> <span class='ocrx_word' id='word_1_89' title='bbox 397 1087 513 1150; x_wconf 86' lang='lat' dir='ltr'>volvens</span> <span class='ocrx_word' id='word_1_90' title='bbox 527 1086 656 1171; x_wconf 78' lang='lat' dir='ltr'>lonqius,</span> <span class='ocrx_word' id='word_1_91' title='bbox 670 1089 701 1148; x_wconf 92' lang='lat' dir='ltr'>id</span> <span class='ocrx_word' id='word_1_92' title='bbox 718 1101 776 1163; x_wconf 90' lang='lat' dir='ltr'>est,</span> <span class='ocrx_word' id='word_1_93' title='bbox 787 1089 881 1170; x_wconf 92' lang='lat' dir='ltr'>longe</span> <span class='ocrx_word' id='word_1_94' title='bbox 892 1093 1026 1169; x_wconf 88' lang='lat' dir='ltr'>repetito</span> <span class='ocrx_word' id='word_1_95' title='bbox 1037 1093 1208 1172; x_wconf 87' lang='lat' dir='ltr'>principio,</span> <span class='ocrx_word' id='word_1_96' title='bbox 1222 1110 1288 1148; x_wconf 89' lang='lat' dir='ltr'>mo-</span> 
     </span>
     <span class='ocr_line' id='line_1_11' title="bbox 242 1172 1288 1260; baseline 0.008 -28"><span class='ocrx_word' id='word_1_97' title='bbox 242 1172 311 1233; x_wconf 83' lang='lat' dir='ltr'>vebo</span> <span class='ocrx_word' id='word_1_98' title='bbox 321 1197 450 1237; x_wconf 81' lang='lat' dir='ltr'>avcono:</span> <span class='ocrx_word' id='word_1_99' title='bbox 465 1199 520 1238; x_wconf 88' lang='lat' dir='ltr'>nec</span> <span class='ocrx_word' id='word_1_100' title='bbox 529 1176 645 1251; x_wconf 83' lang='lat' dir='ltr'>voluit,</span> <span class='ocrx_word' id='word_1_101' title='bbox 656 1176 803 1252; x_wconf 86' lang='lat' dir='ltr'>referam,</span> <span class='ocrx_word' id='word_1_102' title='bbox 814 1177 869 1238; x_wconf 87' lang='lat' dir='ltr'>sed</span> <span class='ocrx_word' id='word_1_103' title='bbox 879 1178 1011 1252; x_wconf 84' lang='lat' dir='ltr'>movebo,</span> <span class='ocrx_word' id='word_1_104' title='bbox 1023 1179 1061 1238; x_wconf 88' lang='lat' dir='ltr'>ad</span> <span class='ocrx_word' id='word_1_105' title='bbox 1073 1182 1117 1240; x_wconf 89' lang='lat' dir='ltr'>rei</span> <span class='ocrx_word' id='word_1_106' title='bbox 1128 1181 1288 1260; x_wconf 88' lang='lat' dir='ltr'>magnitu-</span> 
     </span>
     <span class='ocr_line' id='line_1_12' title="bbox 242 1261 1114 1345; baseline 0.008 -25"><span class='ocrx_word' id='word_1_107' title='bbox 242 1261 349 1324; x_wconf 87' lang='lat' dir='ltr'>dinem</span> <span class='ocrx_word' id='word_1_108' title='bbox 364 1265 579 1340; x_wconf 66' lang='lat' dir='ltr'>indicandam</span> <span class='ocrx_word' id='word_1_109' title='bbox 593 1285 706 1345; x_wconf 90' lang='lat' dir='ltr'>magna</span> <span class='ocrx_word' id='word_1_110' title='bbox 721 1267 805 1326; x_wconf 88' lang='lat' dir='ltr'>enim</span> <span class='ocrx_word' id='word_1_111' title='bbox 821 1265 971 1326; x_wconf 89' lang='lat' dir='ltr'>dicuntur</span> <span class='ocrx_word' id='word_1_112' title='bbox 984 1268 1114 1327; x_wconf 84' lang='lat' dir='ltr'>moveri.</span> 
     </span>
    </p>

    <p class='ocr_par' dir='ltr' id='par_1_3' title="bbox 241 1354 1294 2210">
     <span class='ocr_line' id='line_1_13' title="bbox 282 1354 1291 1436; baseline 0.003 -24"><span class='ocrx_word' id='word_1_113' title='bbox 282 1354 351 1415; x_wconf 85' lang='lat'><strong>265.</strong></span> <span class='ocrx_word' id='word_1_114' title='bbox 363 1356 519 1415; x_wconf 82' lang='lat' dir='ltr'>Sententia</span> <span class='ocrx_word' id='word_1_115' title='bbox 531 1369 594 1414; x_wconf 87' lang='lat' dir='ltr'>cst:</span> <span class='ocrx_word' id='word_1_116' title='bbox 610 1368 705 1436; x_wconf 89' lang='lat' dir='ltr'>ponet</span> <span class='ocrx_word' id='word_1_117' title='bbox 717 1375 835 1432; x_wconf 77' lang='lat' dir='ltr'>morae,</span> <span class='ocrx_word' id='word_1_118' title='bbox 848 1369 877 1414; x_wconf 91' lang='lat' dir='ltr'>et</span> <span class='ocrx_word' id='word_1_119' title='bbox 889 1358 1020 1431; x_wconf 89' lang='lat' dir='ltr'>moenia,</span> <span class='ocrx_word' id='word_1_120' title='bbox 1031 1356 1101 1417; x_wconf 89' lang='lat' dir='ltr'>dvm</span> <span class='ocrx_word' id='word_1_121' title='bbox 1115 1359 1195 1417; x_wconf 82' lang='lat' dir='ltr'>tertio</span> <span class='ocrx_word' id='word_1_122' title='bbox 1205 1369 1291 1417; x_wconf 73' lang='lat' dir='ltr'>restas</span> 
     </span>
     <span class='ocr_line' id='line_1_14' title="bbox 242 1440 1290 1526; baseline 0.004 -27"><span class='ocrx_word' id='word_1_123' title='bbox 242 1440 345 1502; x_wconf 86' lang='lat' dir='ltr'>viderit</span> <span class='ocrx_word' id='word_1_124' title='bbox 362 1458 543 1523; x_wconf 74' lang='lat' dir='ltr'>regnantem,</span> <span class='ocrx_word' id='word_1_125' title='bbox 565 1443 594 1502; x_wconf 93' lang='lat' dir='ltr'>id</span> <span class='ocrx_word' id='word_1_126' title='bbox 611 1457 672 1518; x_wconf 89' lang='lat' dir='ltr'>est,</span> <span class='ocrx_word' id='word_1_127' title='bbox 692 1442 746 1502; x_wconf 94' lang='lat' dir='ltr'>illo</span> <span class='ocrx_word' id='word_1_128' title='bbox 768 1445 1001 1524; x_wconf 62' lang='lat' dir='ltr'>triennio„quo</span> <span class='ocrx_word' id='word_1_129' title='bbox 1023 1457 1207 1526; x_wconf 86' lang='lat' dir='ltr'>regnaturus</span> <span class='ocrx_word' id='word_1_130' title='bbox 1229 1455 1290 1518; x_wconf 84' lang='lat' dir='ltr'>est,</span> 
     </span>
     <span class='ocr_line' id='line_1_15' title="bbox 241 1529 1291 1616; baseline 0.004 -28"><span class='ocrx_word' id='word_1_131' title='bbox 241 1529 324 1612; x_wconf 89' lang='lat' dir='ltr'>leges</span> <span class='ocrx_word' id='word_1_132' title='bbox 339 1529 442 1607; x_wconf 91' lang='lat' dir='ltr'>dabit,</span> <span class='ocrx_word' id='word_1_133' title='bbox 454 1545 484 1592; x_wconf 88' lang='lat' dir='ltr'>et</span> <span class='ocrx_word' id='word_1_134' title='bbox 495 1530 664 1592; x_wconf 76' lang='lat' dir='ltr'>aedificabit</span> <span class='ocrx_word' id='word_1_135' title='bbox 674 1534 850 1594; x_wconf 88' lang='lat' dir='ltr'>Lavinium.</span> <span class='ocrx_word' id='word_1_136' title='bbox 867 1534 1013 1594; x_wconf 81' lang='lat' dir='ltr'>Admiror</span> <span class='ocrx_word' id='word_1_137' title='bbox 1024 1533 1078 1594; x_wconf 91' lang='lat' dir='ltr'>hic</span> <span class='ocrx_word' id='word_1_138' title='bbox 1087 1534 1291 1616; x_wconf 80' lang='lat' dir='ltr'>prudentiam</span> 
     </span>
     <span class='ocr_line' id='line_1_16' title="bbox 244 1618 1291 1698; baseline 0.005 -21"><span class='ocrx_word' id='word_1_139' title='bbox 244 1618 365 1697; x_wconf 77' lang='lat' dir='ltr'>Virgilii</span> <span class='ocrx_word' id='word_1_140' title='bbox 381 1641 387 1676; x_wconf 92' lang='lat'>:</span> <span class='ocrx_word' id='word_1_141' title='bbox 404 1621 457 1679; x_wconf 87' lang='lat' dir='ltr'>dat</span> <span class='ocrx_word' id='word_1_142' title='bbox 473 1621 597 1681; x_wconf 83' lang='lat' dir='ltr'>brevem</span> <span class='ocrx_word' id='word_1_143' title='bbox 615 1624 710 1681; x_wconf 84' lang='lat' dir='ltr'>vitam</span> <span class='ocrx_word' id='word_1_144' title='bbox 730 1624 848 1698; x_wconf 80' lang='lat' dir='ltr'>AEneae,</span> <span class='ocrx_word' id='word_1_145' title='bbox 872 1637 933 1683; x_wconf 84' lang='lat' dir='ltr'>tres</span> <span class='ocrx_word' id='word_1_146' title='bbox 950 1625 1100 1684; x_wconf 87' lang='lat' dir='ltr'>nimirum</span> <span class='ocrx_word' id='word_1_147' title='bbox 1118 1643 1238 1682; x_wconf 89' lang='lat' dir='ltr'>annos:</span> <span class='ocrx_word' id='word_1_148' title='bbox 1262 1623 1291 1682; x_wconf 93' lang='lat' dir='ltr'>si</span> 
     </span>
     <span class='ocr_line' id='line_1_17' title="bbox 244 1706 1291 1792; baseline 0.008 -30"><span class='ocrx_word' id='word_1_149' title='bbox 244 1706 413 1774; x_wconf 84' lang='lat' dir='ltr'>triennium</span> <span class='ocrx_word' id='word_1_150' title='bbox 427 1706 555 1784; x_wconf 89' lang='lat' dir='ltr'>diceret,</span> <span class='ocrx_word' id='word_1_151' title='bbox 572 1711 641 1790; x_wconf 88' lang='lat' dir='ltr'>quis</span> <span class='ocrx_word' id='word_1_152' title='bbox 656 1707 781 1770; x_wconf 88' lang='lat' dir='ltr'>dubitat</span> <span class='ocrx_word' id='word_1_153' title='bbox 793 1711 913 1771; x_wconf 82' lang='lat' dir='ltr'>offendi</span> <span class='ocrx_word' id='word_1_154' title='bbox 925 1713 1075 1770; x_wconf 86' lang='lat' dir='ltr'>Venerem</span> <span class='ocrx_word' id='word_1_155' title='bbox 1091 1710 1199 1792; x_wconf 81' lang='lat' dir='ltr'>posse?</span> <span class='ocrx_word' id='word_1_156' title='bbox 1213 1731 1291 1790; x_wconf 89' lang='lat' dir='ltr'>ergo</span> 
     </span>
     <span class='ocr_line' id='line_1_18' title="bbox 243 1794 1294 1882; baseline 0.006 -30"><span class='ocrx_word' id='word_1_157' title='bbox 243 1794 382 1854; x_wconf 89' lang='lat' dir='ltr'>occultat</span> <span class='ocrx_word' id='word_1_158' title='bbox 403 1795 497 1878; x_wconf 88' lang='lat' dir='ltr'>longa</span> <span class='ocrx_word' id='word_1_159' title='bbox 515 1799 699 1880; x_wconf 83' lang='lat' dir='ltr'>paraphrasi</span> <span class='ocrx_word' id='word_1_160' title='bbox 723 1805 817 1862; x_wconf 82' lang='lat' dir='ltr'>te&#39;rnae</span> <span class='ocrx_word' id='word_1_161' title='bbox 835 1801 964 1873; x_wconf 53' lang='lat' dir='ltr'>aestatim</span> <span class='ocrx_word' id='word_1_162' title='bbox 986 1813 1080 1860; x_wconf 87' lang='lat' dir='ltr'>teruae</span> <span class='ocrx_word' id='word_1_163' title='bbox 1100 1798 1238 1882; x_wconf 83' lang='lat' dir='ltr'>hyemis,</span> <span class='ocrx_word' id='word_1_164' title='bbox 1260 1811 1294 1858; x_wconf 90' lang='lat' dir='ltr'>et</span> 
     </span>
     <span class='ocr_line' id='line_1_19' title="bbox 241 1879 1292 1970; baseline 0.007 -31"><span class='ocrx_word' id='word_1_165' title='bbox 241 1879 338 1940; x_wconf 84' lang='lat' dir='ltr'>verbo</span> <span class='ocrx_word' id='word_1_166' title='bbox 364 1887 544 1958; x_wconf 72' lang='lat' dir='ltr'>transierint,</span> <span class='ocrx_word' id='word_1_167' title='bbox 572 1908 634 1967; x_wconf 92' lang='lat' dir='ltr'>quo</span> <span class='ocrx_word' id='word_1_168' title='bbox 658 1889 756 1947; x_wconf 89' lang='lat' dir='ltr'>moles</span> <span class='ocrx_word' id='word_1_169' title='bbox 781 1887 925 1970; x_wconf 83' lang='lat' dir='ltr'>quaedam</span> <span class='ocrx_word' id='word_1_170' title='bbox 950 1908 1105 1947; x_wconf 85' lang='lat' dir='ltr'>annorum</span> <span class='ocrx_word' id='word_1_171' title='bbox 1132 1889 1292 1947; x_wconf 88' lang='lat' dir='ltr'>innuitur.</span> 
     </span>
     <span class='ocr_line' id='line_1_20' title="bbox 241 1969 1291 2055; baseline 0.005 -26"><span class='ocrx_word' id='word_1_172' title='bbox 241 1969 361 2031; x_wconf 88' lang='lat' dir='ltr'>Deinde</span> <span class='ocrx_word' id='word_1_173' title='bbox 371 1975 481 2034; x_wconf 87' lang='lat' dir='ltr'>transit</span> <span class='ocrx_word' id='word_1_174' title='bbox 490 1976 602 2055; x_wconf 90' lang='lat' dir='ltr'>raptim</span> <span class='ocrx_word' id='word_1_175' title='bbox 614 1975 651 2034; x_wconf 92' lang='lat' dir='ltr'>ad</span> <span class='ocrx_word' id='word_1_176' title='bbox 664 1977 847 2045; x_wconf 82' lang='lat' dir='ltr'>Ascanium,</span> <span class='ocrx_word' id='word_1_177' title='bbox 859 1975 1051 2034; x_wconf 87' lang='lat' dir='ltr'>dissimulata</span> <span class='ocrx_word' id='word_1_178' title='bbox 1062 1977 1165 2036; x_wconf 80' lang='lat' dir='ltr'>AEneae</span> <span class='ocrx_word' id='word_1_179' title='bbox 1174 1989 1291 2049; x_wconf 89' lang='lat' dir='ltr'>morte,</span> 
     </span>
     <span class='ocr_line' id='line_1_21' title="bbox 242 2061 1292 2147; baseline 0.004 -28"><span class='ocrx_word' id='word_1_180' title='bbox 242 2063 346 2142; x_wconf 90' lang='lat' dir='ltr'>utqui</span> <span class='ocrx_word' id='word_1_181' title='bbox 362 2061 505 2123; x_wconf 87' lang='lat' dir='ltr'>videatur</span> <span class='ocrx_word' id='word_1_182' title='bbox 520 2063 697 2147; x_wconf 88' lang='lat' dir='ltr'>triumphos</span> <span class='ocrx_word' id='word_1_183' title='bbox 713 2079 852 2142; x_wconf 87' lang='lat' dir='ltr'>tantum,</span> <span class='ocrx_word' id='word_1_184' title='bbox 872 2080 903 2124; x_wconf 86' lang='lat' dir='ltr'>et</span> <span class='ocrx_word' id='word_1_185' title='bbox 917 2064 1031 2146; x_wconf 86' lang='lat' dir='ltr'>glorias</span> <span class='ocrx_word' id='word_1_186' title='bbox 1047 2084 1292 2141; x_wconf 88' lang='lat' dir='ltr'>connumerare,</span> 
     </span>
     <span class='ocr_line' id='line_1_22' title="bbox 242 2149 435 2210; baseline 0.01 -4"><span class='ocrx_word' id='word_1_187' title='bbox 242 2167 309 2208; x_wconf 92' lang='lat' dir='ltr'>non</span> <span class='ocrx_word' id='word_1_188' title='bbox 322 2149 435 2210; x_wconf 86' lang='lat' dir='ltr'>obitus.</span> 
     </span>
    </p>

    <p class='ocr_par' dir='ltr' id='par_1_4' title="bbox 240 2233 1293 2500">
     <span class='ocr_line' id='line_1_23' title="bbox 282 2233 1293 2322; baseline 0.005 -26"><span class='ocrx_word' id='word_1_189' title='bbox 282 2237 349 2318; x_wconf 78' lang='lat'><strong>267.</strong></span> <span class='ocrx_word' id='word_1_190' title='bbox 369 2240 434 2311; x_wconf 83' lang='lat' dir='ltr'>Ait,</span> <span class='ocrx_word' id='word_1_191' title='bbox 458 2233 718 2322; x_wconf 80' lang='lat' dir='ltr'>Ascanium,qui</span> <span class='ocrx_word' id='word_1_192' title='bbox 740 2253 840 2302; x_wconf 89' lang='lat' dir='ltr'>stante</span> <span class='ocrx_word' id='word_1_193' title='bbox 860 2241 952 2321; x_wconf 86' lang='lat' dir='ltr'>Troja</span> <span class='ocrx_word' id='word_1_194' title='bbox 975 2240 1137 2302; x_wconf 87' lang='lat' dir='ltr'>dicebatur</span> <span class='ocrx_word' id='word_1_195' title='bbox 1155 2241 1234 2314; x_wconf 90' lang='lat' dir='ltr'>llus,</span> <span class='ocrx_word' id='word_1_196' title='bbox 1259 2255 1293 2301; x_wconf 90' lang='lat' dir='ltr'>et</span> 
     </span>
     <span class='ocr_line' id='line_1_24' title="bbox 241 2322 1293 2411; baseline 0.005 -30"><span class='ocrx_word' id='word_1_197' title='bbox 241 2322 297 2383; x_wconf 87' lang='lat' dir='ltr'>illa</span> <span class='ocrx_word' id='word_1_198' title='bbox 308 2346 429 2402; x_wconf 87' lang='lat' dir='ltr'>eversa,</span> <span class='ocrx_word' id='word_1_199' title='bbox 448 2327 548 2403; x_wconf 88' lang='lat' dir='ltr'>lulus,</span> <span class='ocrx_word' id='word_1_200' title='bbox 568 2329 728 2388; x_wconf 91' lang='lat' dir='ltr'>additione</span> <span class='ocrx_word' id='word_1_201' title='bbox 741 2331 834 2388; x_wconf 85' lang='lat' dir='ltr'>unius</span> <span class='ocrx_word' id='word_1_202' title='bbox 849 2329 973 2404; x_wconf 87' lang='lat' dir='ltr'>litterae,</span> <span class='ocrx_word' id='word_1_203' title='bbox 988 2343 1060 2411; x_wconf 88' lang='lat' dir='ltr'>pust</span> <span class='ocrx_word' id='word_1_204' title='bbox 1075 2328 1215 2408; x_wconf 88' lang='lat' dir='ltr'>expletos</span> <span class='ocrx_word' id='word_1_205' title='bbox 1230 2329 1293 2386; x_wconf 87' lang='lat' dir='ltr'>La-</span> 
     </span>
     <span class='ocr_line' id='line_1_25' title="bbox 240 2413 1292 2500; baseline 0.006 -30"><span class='ocrx_word' id='word_1_206' title='bbox 240 2413 319 2472; x_wconf 81' lang='lat' dir='ltr'>rinii</span> <span class='ocrx_word' id='word_1_207' title='bbox 335 2417 462 2494; x_wconf 86' lang='lat' dir='ltr'>triginta</span> <span class='ocrx_word' id='word_1_208' title='bbox 475 2418 598 2498; x_wconf 85' lang='lat' dir='ltr'>imperii</span> <span class='ocrx_word' id='word_1_209' title='bbox 612 2439 725 2491; x_wconf 88' lang='lat' dir='ltr'>annos,</span> <span class='ocrx_word' id='word_1_210' title='bbox 742 2418 958 2478; x_wconf 86' lang='lat' dir='ltr'>traducturum</span> <span class='ocrx_word' id='word_1_211' title='bbox 971 2437 1101 2500; x_wconf 88' lang='lat' dir='ltr'>regnum</span> <span class='ocrx_word' id='word_1_212' title='bbox 1115 2415 1155 2475; x_wconf 89' lang='lat' dir='ltr'>ab</span> <span class='ocrx_word' id='word_1_213' title='bbox 1168 2417 1292 2476; x_wconf 84' lang='lat' dir='ltr'>Lavino</span> 
     </span>
    </p>

    <p class='ocr_par' dir='ltr' id='par_1_5' title="bbox 228 2501 1293 3208">
     <span class='ocr_line' id='line_1_26' title="bbox 228 2501 1293 2589; baseline 0.004 -27"><span class='ocrx_word' id='word_1_214' title='bbox 228 2502 276 2580; x_wconf 85' lang='lat' dir='ltr'>¹in</span> <span class='ocrx_word' id='word_1_215' title='bbox 294 2501 405 2563; x_wconf 82' lang='lat' dir='ltr'>Albam</span> <span class='ocrx_word' id='word_1_216' title='bbox 421 2504 563 2586; x_wconf 88' lang='lat' dir='ltr'>longam,</span> <span class='ocrx_word' id='word_1_217' title='bbox 584 2528 679 2587; x_wconf 88' lang='lat' dir='ltr'>quam</span> <span class='ocrx_word' id='word_1_218' title='bbox 697 2509 762 2589; x_wconf 86' lang='lat' dir='ltr'>ipse</span> <span class='ocrx_word' id='word_1_219' title='bbox 782 2507 992 2568; x_wconf 80' lang='lat' dir='ltr'>aedificaturus</span> <span class='ocrx_word' id='word_1_220' title='bbox 1011 2521 1072 2581; x_wconf 86' lang='lat' dir='ltr'>est,</span> <span class='ocrx_word' id='word_1_221' title='bbox 1095 2519 1126 2564; x_wconf 87' lang='lat' dir='ltr'>et</span> <span class='ocrx_word' id='word_1_222' title='bbox 1140 2507 1171 2563; x_wconf 85' lang='lat' dir='ltr'>vi</span> <span class='ocrx_word' id='word_1_223' title='bbox 1187 2503 1293 2566; x_wconf 88' lang='lat' dir='ltr'>multa</span> 
     </span>
     <span class='ocr_line' id='line_1_27' title="bbox 240 2591 1292 2676; baseline 0.002 -27"><span class='ocrx_word' id='word_1_224' title='bbox 240 2593 430 2653; x_wconf 86' lang='lat' dir='ltr'>muniturus.</span> <span class='ocrx_word' id='word_1_225' title='bbox 449 2595 505 2654; x_wconf 85' lang='lat' dir='ltr'>Per</span> <span class='ocrx_word' id='word_1_226' title='bbox 518 2594 599 2654; x_wconf 85' lang='lat' dir='ltr'>orbes</span> <span class='ocrx_word' id='word_1_227' title='bbox 612 2617 733 2676; x_wconf 68' lang='lat' dir='ltr'>magnos</span> <span class='ocrx_word' id='word_1_228' title='bbox 747 2594 895 2674; x_wconf 88' lang='lat' dir='ltr'>intelligit</span> <span class='ocrx_word' id='word_1_229' title='bbox 908 2615 1008 2654; x_wconf 82' lang='lat' dir='ltr'>annos</span> <span class='ocrx_word' id='word_1_230' title='bbox 1024 2592 1155 2666; x_wconf 79' lang='lat' dir='ltr'>sclarea,</span> <span class='ocrx_word' id='word_1_231' title='bbox 1172 2591 1209 2649; x_wconf 90' lang='lat' dir='ltr'>ad</span> <span class='ocrx_word' id='word_1_232' title='bbox 1224 2591 1292 2651; x_wconf 90' lang='lat' dir='ltr'>dis-</span> 
     </span>
     <span class='ocr_line' id='line_1_28' title="bbox 241 2681 1292 2765; baseline 0 -25"><span class='ocrx_word' id='word_1_233' title='bbox 241 2681 358 2741; x_wconf 88' lang='lat' dir='ltr'>crimen</span> <span class='ocrx_word' id='word_1_234' title='bbox 375 2683 535 2743; x_wconf 88' lang='lat' dir='ltr'>lunarium</span> <span class='ocrx_word' id='word_1_235' title='bbox 553 2705 726 2759; x_wconf 85' lang='lat' dir='ltr'>annorum,</span> <span class='ocrx_word' id='word_1_236' title='bbox 746 2686 800 2765; x_wconf 89' lang='lat' dir='ltr'>qui</span> <span class='ocrx_word' id='word_1_237' title='bbox 820 2685 977 2745; x_wconf 82' lang='lat' dir='ltr'>breviores</span> <span class='ocrx_word' id='word_1_238' title='bbox 995 2696 1083 2758; x_wconf 84' lang='lat' dir='ltr'>sunt,</span> <span class='ocrx_word' id='word_1_239' title='bbox 1103 2703 1136 2742; x_wconf 89' lang='lat' dir='ltr'>ac</span> <span class='ocrx_word' id='word_1_240' title='bbox 1157 2683 1292 2764; x_wconf 89' lang='lat' dir='ltr'>perinde</span> 
     </span>
     <span class='ocr_line' id='line_1_29' title="bbox 242 2769 1290 2855; baseline -0.001 -25"><span class='ocrx_word' id='word_1_241' title='bbox 242 2791 309 2830; x_wconf 92' lang='lat' dir='ltr'>non</span> <span class='ocrx_word' id='word_1_242' title='bbox 322 2773 438 2852; x_wconf 89' lang='lat' dir='ltr'>magni.</span> <span class='ocrx_word' id='word_1_243' title='bbox 457 2774 506 2832; x_wconf 92' lang='lat' dir='ltr'>Sic</span> <span class='ocrx_word' id='word_1_244' title='bbox 521 2771 598 2834; x_wconf 92' lang='lat' dir='ltr'>boni</span> <span class='ocrx_word' id='word_1_245' title='bbox 612 2775 807 2855; x_wconf 87' lang='lat' dir='ltr'>interpretes,</span> <span class='ocrx_word' id='word_1_246' title='bbox 829 2773 1006 2834; x_wconf 88' lang='lat' dir='ltr'>Macrobius</span> <span class='ocrx_word' id='word_1_247' title='bbox 1020 2775 1109 2847; x_wconf 88' lang='lat' dir='ltr'>item,</span> <span class='ocrx_word' id='word_1_248' title='bbox 1127 2786 1158 2831; x_wconf 88' lang='lat' dir='ltr'>et</span> <span class='ocrx_word' id='word_1_249' title='bbox 1170 2769 1290 2852; x_wconf 86' lang='lat' dir='ltr'>Gipha·</span> 
     </span>
     <span class='ocr_line' id='line_1_30' title="bbox 242 2860 1292 2944; baseline -0.001 -26"><span class='ocrx_word' id='word_1_250' title='bbox 242 2860 326 2920; x_wconf 88' lang='lat' dir='ltr'>nius.</span> <span class='ocrx_word' id='word_1_251' title='bbox 343 2861 423 2922; x_wconf 93' lang='lat' dir='ltr'>lllud</span> <span class='ocrx_word' id='word_1_252' title='bbox 436 2861 583 2923; x_wconf 78' lang='lat' dir='ltr'>volvendis</span> <span class='ocrx_word' id='word_1_253' title='bbox 597 2863 740 2924; x_wconf 84' lang='lat' dir='ltr'>mensibvs</span> <span class='ocrx_word' id='word_1_254' title='bbox 758 2863 839 2924; x_wconf 91' lang='lat' dir='ltr'>nihil</span> <span class='ocrx_word' id='word_1_255' title='bbox 854 2880 896 2926; x_wconf 89' lang='lat' dir='ltr'>est</span> <span class='ocrx_word' id='word_1_256' title='bbox 912 2863 995 2924; x_wconf 92' lang='lat' dir='ltr'>aliud</span> <span class='ocrx_word' id='word_1_257' title='bbox 1013 2881 1120 2944; x_wconf 89' lang='lat' dir='ltr'>quam,</span> <span class='ocrx_word' id='word_1_258' title='bbox 1136 2860 1292 2918; x_wconf 87' lang='lat' dir='ltr'>volventi·</span> 
     </span>
     <span class='ocr_line' id='line_1_31' title="bbox 242 2947 1293 3028; baseline 0.001 -22"><span class='ocrx_word' id='word_1_259' title='bbox 242 2947 303 3006; x_wconf 88' lang='lat' dir='ltr'>bus</span> <span class='ocrx_word' id='word_1_260' title='bbox 316 2969 349 3008; x_wconf 92' lang='lat' dir='ltr'>se</span> <span class='ocrx_word' id='word_1_261' title='bbox 362 2952 534 3028; x_wconf 87' lang='lat' dir='ltr'>mensibus,</span> <span class='ocrx_word' id='word_1_262' title='bbox 549 2967 604 3012; x_wconf 91' lang='lat' dir='ltr'>aut</span> <span class='ocrx_word' id='word_1_263' title='bbox 616 2953 733 3014; x_wconf 89' lang='lat' dir='ltr'>volutis</span> <span class='ocrx_word' id='word_1_264' title='bbox 745 2955 921 3015; x_wconf 85' lang='lat' dir='ltr'>mensibus:</span> <span class='ocrx_word' id='word_1_265' title='bbox 936 2975 1010 3012; x_wconf 90' lang='lat' dir='ltr'>nam</span> <span class='ocrx_word' id='word_1_266' title='bbox 1021 2973 1078 3011; x_wconf 84' lang='lat' dir='ltr'>vox</span> <span class='ocrx_word' id='word_1_267' title='bbox 1091 2949 1246 3022; x_wconf 83' lang='lat' dir='ltr'>volvenda,</span> <span class='ocrx_word' id='word_1_268' title='bbox 1259 2960 1293 3008; x_wconf 86' lang='lat' dir='ltr'>et</span> 
     </span>
     <span class='ocr_line' id='line_1_32' title="bbox 243 3034 1292 3121; baseline 0.001 -28"><span class='ocrx_word' id='word_1_269' title='bbox 243 3034 360 3096; x_wconf 83' lang='lat' dir='ltr'>similes</span> <span class='ocrx_word' id='word_1_270' title='bbox 373 3037 411 3096; x_wconf 89' lang='lat' dir='ltr'>ad</span> <span class='ocrx_word' id='word_1_271' title='bbox 427 3040 532 3098; x_wconf 90' lang='lat' dir='ltr'>omnia</span> <span class='ocrx_word' id='word_1_272' title='bbox 549 3053 690 3121; x_wconf 90' lang='lat' dir='ltr'>tempora</span> <span class='ocrx_word' id='word_1_273' title='bbox 703 3041 994 3116; x_wconf 87' lang='lat' dir='ltr'>accommodantur,</span> <span class='ocrx_word' id='word_1_274' title='bbox 1007 3041 1033 3098; x_wconf 87' lang='lat' dir='ltr'>si</span> <span class='ocrx_word' id='word_1_275' title='bbox 1045 3039 1200 3099; x_wconf 87' lang='lat' dir='ltr'>credimus</span> <span class='ocrx_word' id='word_1_276' title='bbox 1211 3037 1292 3095; x_wconf 87' lang='lat' dir='ltr'>Tur·</span> 
     </span>
     <span class='ocr_line' id='line_1_33' title="bbox 242 3125 849 3208; baseline 0.013 -24"><span class='ocrx_word' id='word_1_277' title='bbox 242 3125 340 3200; x_wconf 89' lang='lat' dir='ltr'>nebo,</span> <span class='ocrx_word' id='word_1_278' title='bbox 354 3126 522 3208; x_wconf 77' lang='lat' dir='ltr'>scaligero,</span> <span class='ocrx_word' id='word_1_279' title='bbox 535 3129 665 3204; x_wconf 87' lang='lat' dir='ltr'>Budae0‚</span> <span class='ocrx_word' id='word_1_280' title='bbox 680 3131 849 3192; x_wconf 85' lang='lat' dir='ltr'>Germano.</span> 
     </span>
    </p>
   </div>
   <div class='ocr_carea' id='block_1_3' title="bbox 244 3246 1294 4046">
    <p class='ocr_par' dir='ltr' id='par_1_6' title="bbox 244 3246 1294 4046">
     <span class='ocr_line' id='line_1_34' title="bbox 244 3246 1288 3326; baseline -0.004 -25"><span class='ocrx_word' id='word_1_281' title='bbox 244 3261 352 3302; x_wconf 85' lang='lat' dir='ltr'>excusat</span> <span class='ocrx_word' id='word_1_282' title='bbox 361 3253 531 3322; x_wconf 74' lang='lat' dir='ltr'>quaestionem</span> <span class='ocrx_word' id='word_1_283' title='bbox 539 3254 743 3324; x_wconf 83' lang='lat' dir='ltr'>futuram,qua-</span> <span class='ocrx_word' id='word_1_284' title='bbox 824 3253 883 3325; x_wconf 74' lang='lat'>267.</span> <span class='ocrx_word' id='word_1_285' title='bbox 896 3251 933 3305; x_wconf 79' lang='lat' dir='ltr'>At</span> <span class='ocrx_word' id='word_1_286' title='bbox 944 3265 1011 3326; x_wconf 83' lang='lat' dir='ltr'>puer</span> <span class='ocrx_word' id='word_1_287' title='bbox 1021 3250 1154 3303; x_wconf 81' lang='lat' dir='ltr'>Ascanius.</span> <span class='ocrx_word' id='word_1_288' title='bbox 1169 3246 1288 3299; x_wconf 87' lang='lat' dir='ltr'>Pruden-</span> 
     </span>
     <span class='ocr_line' id='line_1_35' title="bbox 245 3327 1289 3405; baseline -0.002 -27"><span class='ocrx_word' id='word_1_289' title='bbox 245 3330 268 3378; x_wconf 84' lang='lat' dir='ltr'>si</span> <span class='ocrx_word' id='word_1_290' title='bbox 279 3329 376 3383; x_wconf 87' lang='lat' dir='ltr'>Veneri</span> <span class='ocrx_word' id='word_1_291' title='bbox 393 3331 510 3399; x_wconf 86' lang='lat' dir='ltr'>dolenti,</span> <span class='ocrx_word' id='word_1_292' title='bbox 528 3351 586 3405; x_wconf 81' lang='lat' dir='ltr'>quae</span> <span class='ocrx_word' id='word_1_293' title='bbox 599 3353 662 3386; x_wconf 81' lang='lat' dir='ltr'>vera</span> <span class='ocrx_word' id='word_1_294' title='bbox 681 3345 744 3384; x_wconf 88' lang='lat' dir='ltr'>sunt</span> <span class='ocrx_word' id='word_1_295' title='bbox 787 3347 828 3386; x_wconf 86' lang='lat' dir='ltr'>ter</span> <span class='ocrx_word' id='word_1_296' title='bbox 845 3335 943 3390; x_wconf 75' lang='lat' dir='ltr'>exitum</span> <span class='ocrx_word' id='word_1_297' title='bbox 962 3333 1049 3383; x_wconf 75' lang='lat' dir='ltr'>AEneoe</span> <span class='ocrx_word' id='word_1_298' title='bbox 1067 3341 1094 3381; x_wconf 89' lang='lat' dir='ltr'>et</span> <span class='ocrx_word' id='word_1_299' title='bbox 1110 3327 1242 3390; x_wconf 85' lang='lat' dir='ltr'>ostendit,</span> <span class='ocrx_word' id='word_1_300' title='bbox 1261 3335 1289 3377; x_wconf 85' lang='lat' dir='ltr'>et</span> 
     </span>
     <span class='ocr_line' id='line_1_36' title="bbox 245 3408 1289 3485; baseline 0 -26"><span class='ocrx_word' id='word_1_301' title='bbox 245 3408 332 3462; x_wconf 85' lang='lat' dir='ltr'>dicat:</span> <span class='ocrx_word' id='word_1_302' title='bbox 344 3423 370 3462; x_wconf 88' lang='lat' dir='ltr'>et</span> <span class='ocrx_word' id='word_1_303' title='bbox 382 3411 443 3463; x_wconf 90' lang='lat' dir='ltr'>ideo</span> <span class='ocrx_word' id='word_1_304' title='bbox 454 3413 511 3478; x_wconf 87' lang='lat' dir='ltr'>tibi,</span> <span class='ocrx_word' id='word_1_305' title='bbox 523 3413 595 3485; x_wconf 79' lang='lat' dir='ltr'>quod</span> <span class='ocrx_word' id='word_1_306' title='bbox 606 3413 673 3465; x_wconf 91' lang='lat' dir='ltr'>nulli</span> <span class='ocrx_word' id='word_1_307' title='bbox 684 3413 743 3479; x_wconf 89' lang='lat' dir='ltr'>alii,</span> <span class='ocrx_word' id='word_1_308' title='bbox 787 3416 886 3479; x_wconf 84' lang='lat' dir='ltr'>tacuit,</span> <span class='ocrx_word' id='word_1_309' title='bbox 899 3411 1014 3463; x_wconf 90' lang='lat' dir='ltr'>dicendo</span> <span class='ocrx_word' id='word_1_310' title='bbox 1027 3409 1109 3461; x_wconf 89' lang='lat' dir='ltr'>lilium</span> <span class='ocrx_word' id='word_1_311' title='bbox 1122 3419 1216 3478; x_wconf 86' lang='lat' dir='ltr'>postea</span> <span class='ocrx_word' id='word_1_312' title='bbox 1230 3424 1289 3476; x_wconf 82' lang='lat' dir='ltr'>reg-</span> 
     </span>
     <span class='ocr_line' id='line_1_37' title="bbox 244 3486 1292 3566; baseline -0.001 -29"><span class='ocrx_word' id='word_1_313' title='bbox 244 3486 273 3537; x_wconf 90' lang='lat' dir='ltr'>id</span> <span class='ocrx_word' id='word_1_314' title='bbox 288 3502 343 3554; x_wconf 88' lang='lat' dir='ltr'>est,</span> <span class='ocrx_word' id='word_1_315' title='bbox 357 3491 406 3542; x_wconf 90' lang='lat' dir='ltr'>tibi</span> <span class='ocrx_word' id='word_1_316' title='bbox 416 3494 481 3554; x_wconf 86' lang='lat' dir='ltr'>soli;</span> <span class='ocrx_word' id='word_1_317' title='bbox 495 3514 556 3547; x_wconf 87' lang='lat' dir='ltr'>nam</span> <span class='ocrx_word' id='word_1_318' title='bbox 570 3495 646 3548; x_wconf 86' lang='lat' dir='ltr'>aliter</span> <span class='ocrx_word' id='word_1_319' title='bbox 656 3495 745 3566; x_wconf 88' lang='lat' dir='ltr'>loqui·</span> <span class='ocrx_word' id='word_1_320' title='bbox 787 3507 921 3546; x_wconf 86' lang='lat' dir='ltr'>naturum.</span> <span class='ocrx_word' id='word_1_321' title='bbox 932 3493 986 3543; x_wconf 82' lang='lat' dir='ltr'>Aut</span> <span class='ocrx_word' id='word_1_322' title='bbox 997 3491 1057 3562; x_wconf 88' lang='lat' dir='ltr'>quia</span> <span class='ocrx_word' id='word_1_323' title='bbox 1069 3490 1154 3558; x_wconf 87' lang='lat' dir='ltr'>major</span> <span class='ocrx_word' id='word_1_324' title='bbox 1164 3503 1229 3537; x_wconf 86' lang='lat' dir='ltr'>cura</span> <span class='ocrx_word' id='word_1_325' title='bbox 1237 3487 1292 3536; x_wconf 81' lang='lat' dir='ltr'>Ve-</span> 
     </span>
     <span class='ocr_line' id='line_1_38' title="bbox 244 3563 1291 3642; baseline -0.002 -26"><span class='ocrx_word' id='word_1_326' title='bbox 244 3579 289 3618; x_wconf 87' lang='lat' dir='ltr'>tur</span> <span class='ocrx_word' id='word_1_327' title='bbox 298 3573 400 3621; x_wconf 85' lang='lat' dir='ltr'>cunctis</span> <span class='ocrx_word' id='word_1_328' title='bbox 409 3575 583 3640; x_wconf 82' lang='lat' dir='ltr'>praesentibus</span> <span class='ocrx_word' id='word_1_329' title='bbox 591 3576 647 3628; x_wconf 86' lang='lat' dir='ltr'>Diis</span> <span class='ocrx_word' id='word_1_330' title='bbox 657 3597 663 3626; x_wconf 82' lang='lat' dir='ltr'>z</span> <span class='ocrx_word' id='word_1_331' title='bbox 674 3575 744 3628; x_wconf 82' lang='lat' dir='ltr'>dicat</span> <span class='ocrx_word' id='word_1_332' title='bbox 789 3576 847 3627; x_wconf 86' lang='lat' dir='ltr'>neri</span> <span class='ocrx_word' id='word_1_333' title='bbox 860 3573 893 3626; x_wconf 91' lang='lat' dir='ltr'>de</span> <span class='ocrx_word' id='word_1_334' title='bbox 906 3583 1004 3642; x_wconf 85' lang='lat' dir='ltr'>nepote</span> <span class='ocrx_word' id='word_1_335' title='bbox 1016 3577 1032 3620; x_wconf 70' lang='grc' dir='ltr'>τ’</span> <span class='ocrx_word' id='word_1_336' title='bbox 1043 3580 1072 3620; x_wconf 88' lang='lat' dir='ltr'>ut</span> <span class='ocrx_word' id='word_1_337' title='bbox 1083 3569 1110 3618; x_wconf 87' lang='lat' dir='ltr'>in</span> <span class='ocrx_word' id='word_1_338' title='bbox 1122 3567 1162 3630; x_wconf 86' lang='lat' dir='ltr'>X,</span> <span class='ocrx_word' id='word_1_339' title='bbox 1178 3563 1291 3616; x_wconf 73' lang='lat' dir='ltr'>«Liceat</span> 
     </span>
     <span class='ocr_line' id='line_1_39' title="bbox 247 3645 1291 3724; baseline 0.006 -26"><span class='ocrx_word' id='word_1_340' title='bbox 247 3647 316 3698; x_wconf 89' lang='lat' dir='ltr'>enim</span> <span class='ocrx_word' id='word_1_341' title='bbox 329 3647 357 3698; x_wconf 90' lang='lat' dir='ltr'>in</span> <span class='ocrx_word' id='word_1_342' title='bbox 370 3647 488 3703; x_wconf 87' lang='lat' dir='ltr'>decimo:</span> <span class='ocrx_word' id='word_1_343' title='bbox 502 3655 677 3707; x_wconf 78' lang='lat' dir='ltr'>«Abnueram</span> <span class='ocrx_word' id='word_1_344' title='bbox 690 3653 746 3704; x_wconf 91' lang='lat' dir='ltr'>bel·</span> <span class='ocrx_word' id='word_1_345' title='bbox 791 3669 929 3724; x_wconf 83' lang='lat' dir='ltr'>superesse</span> <span class='ocrx_word' id='word_1_346' title='bbox 937 3661 1072 3722; x_wconf 84' lang='lat' dir='ltr'>nepotem.</span> <span class='ocrx_word' id='word_1_347' title='bbox 1082 3645 1291 3716; x_wconf 69' lang='lat' dir='ltr'>n-Coqnomm</span> 
     </span>
     <span class='ocr_line' id='line_1_40' title="bbox 246 3723 1293 3802; baseline 0.021 -25"><span class='ocrx_word' id='word_1_348' title='bbox 246 3725 273 3778; x_wconf 93' lang='lat' dir='ltr'>lo</span> <span class='ocrx_word' id='word_1_349' title='bbox 291 3729 394 3781; x_wconf 87' lang='lat' dir='ltr'>ltaliam</span> <span class='ocrx_word' id='word_1_350' title='bbox 412 3750 570 3788; x_wconf 87' lang='lat' dir='ltr'>concurrere</span> <span class='ocrx_word' id='word_1_351' title='bbox 584 3739 703 3788; x_wconf 87' lang='lat' dir='ltr'>Teucris.</span> <span class='ocrx_word' id='word_1_352' title='bbox 718 3735 744 3788; x_wconf 82' lang='lat' dir='ltr'>S.</span> <span class='ocrx_word' id='word_1_353' title='bbox 791 3733 857 3785; x_wconf 83' lang='lat' dir='ltr'>Iulo.</span> <span class='ocrx_word' id='word_1_354' title='bbox 873 3731 900 3784; x_wconf 89' lang='lat' dir='ltr'>Si</span> <span class='ocrx_word' id='word_1_355' title='bbox 912 3731 1020 3802; x_wconf 72' lang='lat' dir='ltr'>pt¹0prie</span> <span class='ocrx_word' id='word_1_356' title='bbox 1030 3723 1198 3795; x_wconf 65' lang='lat' dir='ltr'>l⁰q¹¹⁰¹⁰²¹¹¹⁸³</span> <span class='ocrx_word' id='word_1_357' title='bbox 1212 3739 1293 3796; x_wconf 66' lang='lat'>‘9²¹⁰&#39;</span> 
     </span>
     <span class='ocr_line' id='line_1_41' title="bbox 246 3801 1292 3885; baseline 0.011 -27"><span class='ocrx_word' id='word_1_358' title='bbox 246 3807 354 3859; x_wconf 72' lang='lat' dir='ltr'>-Tibt</span> <span class='ocrx_word' id='word_1_359' title='bbox 365 3808 435 3874; x_wconf 89' lang='lat' dir='ltr'>Quia</span> <span class='ocrx_word' id='word_1_360' title='bbox 444 3809 496 3862; x_wconf 81' lang='lat' dir='ltr'>filia</span> <span class='ocrx_word' id='word_1_361' title='bbox 506 3832 543 3877; x_wconf 89' lang='lat' dir='ltr'>es,</span> <span class='ocrx_word' id='word_1_362' title='bbox 552 3819 614 3885; x_wconf 84' lang='lat' dir='ltr'>quia</span> <span class='ocrx_word' id='word_1_363' title='bbox 622 3816 746 3880; x_wconf 86' lang='lat' dir='ltr'>sollicita,</span> <span class='ocrx_word' id='word_1_364' title='bbox 790 3832 850 3864; x_wconf 83' lang='lat' dir='ltr'>men</span> <span class='ocrx_word' id='word_1_365' title='bbox 869 3811 985 3877; x_wconf 84' lang='lat' dir='ltr'>diceret,</span> <span class='ocrx_word' id='word_1_366' title='bbox 1002 3823 1056 3858; x_wconf 88' lang='lat' dir='ltr'>non</span> <span class='ocrx_word' id='word_1_367' title='bbox 1069 3821 1229 3876; x_wconf 64' lang='lat' dir='ltr'>cognomi</span> <span class='ocrx_word' id='word_1_368' title='bbox 1244 3801 1292 3854; x_wconf 69' lang='lat'>⁸²⁶¹</span> 
     </span>
     <span class='ocr_line' id='line_1_42' title="bbox 248 3883 1294 3965; baseline 0.009 -27"><span class='ocrx_word' id='word_1_369' title='bbox 248 3886 311 3938; x_wconf 88' lang='lat' dir='ltr'>nolo</span> <span class='ocrx_word' id='word_1_370' title='bbox 324 3899 350 3939; x_wconf 89' lang='lat' dir='ltr'>te</span> <span class='ocrx_word' id='word_1_371' title='bbox 363 3892 451 3940; x_wconf 87' lang='lat' dir='ltr'>vexari</span> <span class='ocrx_word' id='word_1_372' title='bbox 468 3894 625 3963; x_wconf 85' lang='lat' dir='ltr'>angoribus;</span> <span class='ocrx_word' id='word_1_373' title='bbox 643 3905 672 3949; x_wconf 81' lang='lat' dir='ltr'>tu</span> <span class='ocrx_word' id='word_1_374' title='bbox 685 3895 747 3948; x_wconf 84' lang='lat' dir='ltr'>doe-</span> <span class='ocrx_word' id='word_1_375' title='bbox 790 3894 875 3965; x_wconf 87' lang='lat' dir='ltr'>magis</span> <span class='ocrx_word' id='word_1_376' title='bbox 887 3891 920 3944; x_wconf 93' lang='lat' dir='ltr'>ad</span> <span class='ocrx_word' id='word_1_377' title='bbox 937 3887 1063 3942; x_wconf 81' lang='lat' dir='ltr'>familiam</span> <span class='ocrx_word' id='word_1_378' title='bbox 1080 3883 1211 3954; x_wconf 73' lang='lat' dir='ltr'>respexl¹3</span> <span class='ocrx_word' id='word_1_379' title='bbox 1229 3883 1294 3954; x_wconf 62' lang='lat' dir='ltr'>qula</span> 
     </span>
     <span class='ocr_line' id='line_1_43' title="bbox 248 3961 1290 4046; baseline -0.007 -24"><span class='ocrx_word' id='word_1_380' title='bbox 248 3971 466 4036; x_wconf 84' lang='lat' dir='ltr'>ta‚tuorumlata</span> <span class='ocrx_word' id='word_1_381' title='bbox 476 3971 615 4030; x_wconf 72' lang='lat' dir='ltr'>laetaberis.</span> <span class='ocrx_word' id='word_1_382' title='bbox 625 3977 722 4030; x_wconf 84' lang='lat' dir='ltr'>Donat.</span> <span class='ocrx_word' id='word_1_383' title='bbox 793 3976 879 4040; x_wconf 76' lang='lat' dir='ltr'>omnis</span> <span class='ocrx_word' id='word_1_384' title='bbox 901 3987 965 4046; x_wconf 84' lang='lat' dir='ltr'>gena</span> <span class='ocrx_word' id='word_1_385' title='bbox 986 3965 1058 4021; x_wconf 84' lang='lat' dir='ltr'>Julia</span> <span class='ocrx_word' id='word_1_386' title='bbox 1077 3961 1139 4018; x_wconf 86' lang='lat' dir='ltr'>inde</span> <span class='ocrx_word' id='word_1_387' title='bbox 1161 3963 1290 4036; x_wconf 80' lang='lat' dir='ltr'>originem</span> 
     </span>
    </p>
   </div>
   <div class='ocr_carea' id='block_1_4' title="bbox 0 0 1359 4586">
    <p class='ocr_par' dir='ltr' id='par_1_7' title="bbox 0 0 1359 4586">
     <span class='ocr_line' id='line_1_44' title="bbox 0 0 1359 4586; baseline 0 0"><span class='ocrx_word' id='word_1_388' title='bbox 0 0 1359 4586; x_wconf 95' lang='lat' dir='ltr'> </span> 
     </span>
    </p>
   </div>
  </div>
 </body>
</html>
