2644 4614
308 369 359 432 tu
384 369 621 435 musicos
643 373 737 456 ura
762 375 872 440 vui.
1057 380 1098 446 51

110 486 177 549 555.
192 490 310 573 Incipit
320 503 421 552 metus
434 493 472 552 ab
485 483 744 569 imbecillo'sexu3
759 517 831 556 nam
842 497 912 577 jam
920 509 990 558 tum*
999 513 1113 561 matres

67 589 143 636 vota
157 581 330 661 suscipiunt
343 601 400 661 pro
416 577 540 655 liberis3
559 581 676 662 quippe
691 582 793 662 major
808 585 904 644 timor
920 583 960 645 ab
978 573 1112 648 instante

62 655 133 742 jam
144 666 298 746 periculo:
311 669 477 749 etquidem
488 667 680 728 adnaturam
690 683 793 730 metus
803 673 1021 753 explicandam
1031 675 1113 736 nihil

68 753 174 830 aptius
193 755 277 829 istis;
295 755 396 838 major
410 757 519 816 Martis
530 754 596 838 jam
608 773 739 839 apparet
750 759 871 840 imago;
893 761 949 820 ubi
967 777 1113 843 gestuosa

69 841 197 917 omnia,
211 857 242 903 et
253 845 473 923 signatissime.
997 857 1001 866 “

110 929 583 1014 558.ExspirantistaTragicum
591 933 754 1014 quidpiam
762 957 769 992 :
778 955 880 1018 neque
889 957 962 998 vero
970 938 1114 1001 Evander

68 1011 209 1080 dextram
223 1018 327 1080 solum
341 1023 408 1080 nati
423 1021 657 1102 complectitur,
677 1020 731 1082 sed
750 1038 858 1104 pectus
875 1044 1018 1106 quoque,
1040 1019 1126 1088 uam'

66 1103 172 1179 toeoen
185 1123 215 1170 et
224 1103 285 1171 hoc
295 1131 370 1171 cum
378 1110 541 1191 lacrymis,
551 1110 661 1192 hisque
672 1110 932 1194 inexplebilibus3
943 1135 1017 1174 nam
1027 1116 1114 1196 quod

66 1193 218 1258 solatium
230 1198 364 1260 abeunte
376 1198 472 1260 nato?
1010 1199 1013 1206 ’

116 1285 183 1345 560.
204 1286 287 1363 Quid
307 1308 380 1349 vero
398 1309 490 1348 seuere¹
508 1289 547 1348 ad
567 1289 698 1349 natum?
717 1301 807 1370 optat
825 1291 996 1370 praeteritos
1015 1305 1114 1350 annos

61 1368 252 1452 juventutis,
261 1379 474 1458 virtutemque
484 1377 588 1454 illam,
603 1399 664 1459 qua
676 1380 867 1438 Praenestino
876 1379 960 1440 hel-lo
970 1378 1115 1440 Herilum

65 1463 242 1540 interfecit,
261 1469 309 1526 cui
327 1465 441 1547 triplex
460 1470 566 1526 anima
584 1468 623 1526 ab
639 1481 739 1532 matre
757 1471 889 1530 Feronia
899 1492 911 1543 ;.
929 1490 964 1528 ac
981 1468 1115 1552 proinde

66 1561 157 1610 terna
166 1573 267 1628 artna3
278 1567 308 1614 et
317 1553 387 1614 ideo
399 1554 516 1635 triplici
528 1555 590 1615 leto
601 1555 799 1616 sternendus:
812 1575 914 1638 neque
924 1555 984 1618 hoc
994 1557 1114 1631 solum,

65 1637 122 1698 sed
138 1641 237 1700 aciem
252 1640 392 1702 hostium
410 1657 483 1702 ante
502 1642 606 1724 ipsam'
618 1642 729 1704 urbem
741 1646 933 1726 prostravit,
954 1658 987 1704 et
1004 1663 1114 1704 eorum

66 1725 192 1808 clypeos
208 1730 355 1792 incendit.
375 1732 497 1792 Servius
513 1733 571 1808 ait,
587 1732 769 1792 Evandrum
781 1734 815 1791 in
827 1732 993 1792 interfecto
1005 1731 1114 1791 Herilo

65 1816 204 1895 aspirare
225 1817 265 1878 ad
287 1817 470 1895 Herculem,
497 1822 552 1902 qui
574 1819 730 1880 interfecit
748 1820 927 1902 Geryonem
945 1817 1115 1900 triplicem.

66 1904 131 1988 Has
145 1918 192 1966 tot
202 1909 340 1984 animas,
352 1906 417 1968 hoec
431 1920 477 1970 tot
490 1929 593 1985 arma,
607 1929 669 1969 una
681 1908 749 1969 haec
762 1928 875 1968 manus
888 1906 1014 1966 abstulit
1027 1927 1038 1964 ε
1051 1925 1116 1988 quo

64 1992 150 2061 facto
162 1997 237 2076 quid
253 1998 442 2079 gloriosius?
456 2001 611 2074 Historia,
631 2019 726 2081 quam
739 1999 882 2079 attingit,
901 1997 1037 2057 breviter
1049 1993 1115 2058 hec

65 2095 129 2142 est:
149 2087 324 2147 venientem
342 2108 378 2148 ex
394 2087 525 2149 Arcadia
541 2091 574 2148 in
592 2085 716 2148 ltaliam
727 2085 909 2147 Evandrum
924 2097 1052 2144 conatus
1069 2095 1116 2142 est

64 2173 215 2252 repellere
228 2177 352 2238 Herilus
364 2180 426 2239 Rex
440 2179 701 2238 Praenestinorum
713 2198 720 2234 ε
731 2175 784 2234 sed
795 2171 915 2233 bellum
926 2170 1039 2231 hahuit
1052 2173 1114 2230 exi·

63 2271 149 2335 tum,
162 2281 255 2341 quem
267 2261 401 2344 gloriose
415 2264 564 2345 praedicat
575 2263 729 2324 Evander.

105 2349 172 2409 568.
186 2350 353 2412 Concludit
362 2373 397 2411 ex
408 2353 516 2413 dictis:
533 2355 560 2412 si
572 2373 670 2412 essem
681 2350 731 2410 his
740 2347 861 2410 viribus
870 2392 887 2424 „
895 2346 1112 2429 quibustuae,

63 2455 131 2498 non
149 2457 167 2496 a
183 2451 213 2496 te
230 2459 315 2498 nuuc
332 2438 510 2515 divellerer,
532 2441 647 2522 quippe
662 2437 854 2498 Mezentium
865 2434 1112 2506 <interfecissem3

63 2546 167 2606 neque
180 2540 257 2587 esset
269 2547 412 2603 necesse,
427 2541 462 2587 ut
474 2543 509 2588 tu
521 2527 596 2588 hinc
608 2546 750 2609 pergeres
767 2525 805 2584 ad
818 2522 1014 2606 repellendos
1026 2522 1112 2583 illius

62 2627 206 2689 conatus,
217 2613 332 2696 quibus
342 2613 422 2676 mihi
433 2616 540 2676 vicino
551 2614 694 2690 insultat,
708 2626 740 2673 et
749 2625 797 2672 tot
807 2613 889 2672 cives
899 2613 995 2672 morti
1006 2608 1112 2684 dedit,

64 2699 177 2761 urbem
193 2704 299 2763 exitio.

105 2787 172 2868 57²·
188 2790 346 2850 Hactenus
361 2788 400 2848 ad
415 2801 540 2848 natum:
558 2808 588 2847 se
597 2785 664 2868 jam
675 2787 715 2846 ad
727 2788 826 2859 Deos,
844 2797 876 2844 et
887 2785 998 2843 Jovem
1010 2783 1110 2863 inpri-

62 2878 300 2951 miscouvertit3
312 2897 329 2936 a
341 2897 404 2960 quo
413 2876 690 2956 petitincolumem
698 2876 807 2947 vitam,
816 2873 842 2931 si
850 2884 945 2931 natos
952 2870 1111 2930 rediturus

61 2963 230 3025 incolumis
241 2980 356 3026 etcum
368 2967 518 3024 victoria:
533 2978 607 3024 tuuc
619 2965 704 3024 enim
717 2961 831 3022 durare
842 2961 875 3018 in
885 2960 949 3018 vita
961 2971 1068 3039 optat,
1082 2969 1112 3016 et

61 3053 203 3114 laborem
211 3057 351 3136 quemvis
361 3055 480 3131 subire,
491 3055 613 3114 etiamsi
623 3067 759 3114 extrema
770 3061 926 3111 senectute
936 3064 1110 3130 oppressus.

60 3141 163 3218 lllud,
177 3158 312 3206 venturus
325 3146 357 3204 in
368 3165 477 3218 unum,
492 3157 555 3220 est,
569 3143 696 3203 futurus
709 3159 855 3201 unacum
867 3152 942 3199 nato
953 3161 961 3212 ;
975 3156 1109 3196 conven-

63 3247 153 3294 turus
166 3233 272 3309 illum,
286 3235 436 3295 victorem
448 3245 479 3292 et
491 3231 624 3293 felicem.

100 3322 168 3406 578.
176 3323 304 3384 Relictis
313 3324 394 3398 Diis,
404 3342 435 3382 se
443 3322 599 3383 convertit
609 3319 649 3381 ad
658 3322 847 3392 Fortunam,
859 3335 928 3396 quae
935 3315 1108 3396 plurimum

97 3515 157 3570 562.
174 3516 564 3590 Scutnmmquet'nceadivictor
606 3528 633 3568 et
654 3513 765 3586 proprie
787 3509 915 3564 viduasset
937 3507 1021 3574 dixit,
1046 3507 1111 3579 quia

60 3615 172 3650 acervos.
195 3599 252 3648 Hoc
275 3598 353 3648 traxit
376 3597 409 3649 de
432 3598 560 3649 Historia.
606 3595 670 3648 urbs
688 3594 792 3665 generis
809 3603 849 3643 est
863 3589 1004 3642 foeminini.
1024 3587 1111 3640 Hora-

60 3676 223 3746 Tarquiuius
247 3677 318 3728 enim
341 3676 463 3741 Priscus,
484 3678 561 3729 victis
607 3676 659 3726 tius
679 3673 788 3726 abusive
801 3672 829 3722 in
844 3686 942 3742 genere
961 3667 1108 3720 masculino

59 3753 176 3820 Sabinis,
182 3753 562 3808 inhonoremVulcanieorum
606 3754 710 3824 posuit,
722 3750 831 3814 dicens,
844 3747 892 3799 lib.
903 3747 927 3812 l,
941 3743 994 3797 od.
1006 3747 1044 3815 X,
1062 3761 1108 3798 ra:

61 3853 138 3888 mma
151 3834 301 3900 succendit,
318 3851 398 3906 quem
409 3846 510 3906 postea
519 3852 562 3888 se·
610 3831 733 3886 ·viduus
741 3829 869 3902 pharetra
876 3827 933 3880 risit
942 3825 1051 3897 Apollo.
1061 3850 1072 3873 n
1082 3825 1109 3878 S.

60 3916 117 3966 cuti
131 3925 193 3966 sunt
204 3915 301 3966 caeteri.
314 3915 384 3967 Serv.
643 3911 703 3983 578.
716 3907 863 3982 raptandum
875 3923 971 3960 casum.
989 3903 1108 3958 Parentis

97 3989 158 4060 571.
193 3991 328 4045 Viducasses
349 3992 445 4046 civibus
465 3993 560 4044 urbem.
607 3982 1107 4058 estnollememoratoquotlformidat:

59 4070 166 4126 Scilicet
183 4072 248 4125 siris
266 4072 381 4128 fortibus
401 4074 561 4146 peremptis,
607 4089 662 4124 uon
670 4061 791 4124 nominat
800 4079 928 4133 mortem,
938 4062 986 4117 sed
998 4064 1110 4116 circurn-
