2700 4586
250 337 293 417 aa
583 317 963 394 commeminit?
997 321 1002 326 ·

252 451 524 518 commovendum.
541 449 690 536 lllienim
703 448 770 526 Dii,
788 463 823 511 ut
836 450 978 512 iracundi
992 463 1023 513 et
1037 453 1127 530 mali,
1147 473 1213 516 non
1226 462 1293 517 tam
1341 441 1344 492 '3

250 540 429 625 gaudebant
439 538 547 599 offerri
557 539 615 598 sibi
625 539 976 600 occasionemsaevicndi
985 542 1018 600 in
1028 539 1293 625 homines,quam
1343 579 1344 582 η

249 635 284 694 in
293 634 374 693 Deos
386 625 465 690 flios
477 652 483 688 :
496 642 533 688 ut
545 641 675 710 apparet
684 649 720 688 ex
728 641 796 688 tota
805 625 918 688 lliade:
930 631 1051 710 iniquae,
1062 633 1210 691 nonsatis
1221 653 1294 714 sup·

209 707 211 714 ⁸
249 721 342 804 petit,
353 739 416 801 quo
427 715 523 778 modo
533 715 585 776 hio
596 733 724 798 poetam
733 714 873 792 laudem,
884 717 937 798 qui
948 719 1053 777 omnia
1062 718 1156 778 videt.
1167 719 1294 800 Aliquo-
1343 747 1344 784 t

250 813 308 871 ties
322 811 354 868 in
368 807 428 870 hoc
440 827 533 890 opere
542 808 647 866 Venus
657 807 797 887 queritur
809 805 847 866 de
860 808 1000 883 lunone,
1012 825 1175 889 nunquam
1186 821 1295 868 tamen

250 899 388 980 erumpit
402 899 435 956 in
444 896 579 976 ¹verbum
590 896 633 954 ita
645 895 857 976 intemperans
868 917 874 952 :
887 916 971 955 nunc
985 917 1082 976 quum
1092 908 1163 955 tuto
1176 908 1295 976 potest,

249 1007 325 1048 nam
335 997 450 1045 secreto
462 983 616 1065 loquitur,
626 996 657 1043 et
666 1003 739 1043 cum
748 981 815 1043 lilio
825 996 963 1058 tantum,
976 1003 1132 1044 venenum
1145 981 1295 1042 effundit.
1343 1001 1344 1024 t

250 1076 331 1138 Volo
348 1075 443 1135 etiam
460 1070 653 1146 con'sideres,
674 1070 766 1130 verba
781 1085 882 1153 poetae
899 1073 933 1131 in
949 1070 1010 1131 hoc
1025 1072 1117 1132 initio
1131 1070 1298 1152 implicata
1343 1065 1344 1154 l

250 1184 331 1238 esse,
344 1161 383 1222 ad
395 1158 611 1242 explicandas,
623 1159 730 1234 credo,
747 1179 850 1218 rerum
863 1156 1079 1230 difficultates,
1092 1160 1126 1217 in
1136 1179 1215 1239 quas
1224 1177 1298 1216 con-
1343 1155 1344 1212 l

247 1249 349 1334 jectus
364 1265 412 1312 est
423 1251 540 1310 AEneas.
556 1249 674 1326 Pergit3
692 1261 721 1308 et
730 1241 827 1308 nostro
841 1245 958 1308 doluisti
970 1269 1043 1330 saepe
1056 1245 1173 1308 dolore:
1190 1245 1298 1308 hecte-

250 1361 311 1402 nus
328 1340 485 1400 revocavit
500 1339 533 1396 in
549 1337 735 1396 memoriam
753 1339 929 1416 praeterita:
947 1334 1014 1418 jam
1032 1337 1144 1396 deinde
1162 1337 1299 1418 aperiet,

250 1449 315 1510 quo
328 1427 398 1488 loco
413 1427 475 1484 sint
486 1443 534 1484 res
548 1425 651 1482 AEneae
664 1423 749 1504 apud
763 1423 930 1484 Didonem.
1016 1469 1017 1474 κ

290 1519 359 1598 670.
379 1516 403 1572 A
421 1513 524 1573 facili:
544 1513 662 1592 poteris
681 1531 748 1573 rem
764 1512 925 1593 perficere,
944 1533 1043 1594 quum
1059 1515 1193 1595 ipsamet
1211 1513 1298 1574 Dido

245 1595 336 1664 vultro
357 1601 459 1660 AEneae
479 1599 677 1659 blandiatur:
700 1615 729 1661 et
745 1622 854 1676 vereor,
875 1623 933 1684 quo
953 1623 995 1677 se,
1019 1617 1077 1664 etc.
1098 1607 1297 1683 προληπτικῶςε
1343 1605 1344 1660 l

249 1691 374 1750 tametsi
389 1707 473 1746 nunc
486 1685 713 1748 humanissima
725 1689 765 1748 sit
776 1687 874 1764 Did03
885 1689 939 1749 aed
949 1691 1020 1770 quis
1030 1691 1099 1765 seit,
1113 1689 1189 1771 quid
1199 1691 1235 1749 in
1246 1689 1299 1749 his
1343 1681 1344 1762 l

251 1778 398 1858 hospitiis
413 1789 522 1836 contra
537 1795 594 1835 nos
605 1779 689 1836 Juno
700 1775 913 1839 machinetur?
926 1777 1095 1840 hardmoto
1105 1764 1298 1838 cessabitcdr·
1342 1795 1344 1880 l

251 1865 1300 1950 dinemrum.Conjecturaleargumentumzputasdunonemcessatu-
1343 1883 1344 1968 l

252 1975 320 2016 ram
329 1953 389 2014 hac
400 1953 506 2014 oblata
516 1953 697 2016 occasione?
710 1959 886 2038 acquiescet
894 1960 1102 2018 tantiererum
1112 1954 1301 2016 momentis?
1343 1973 1344 2036 l

292 2055 360 2135 673.
380 2053 425 2112 Ex
446 2051 537 2113 dictis
557 2053 676 2136 colligit
696 2055 861 2134 consilium
880 2077 986 2134 suum,
1005 2069 1035 2117 et
1051 2057 1126 2138 quia
1141 2075 1212 2139 cum
1227 2051 1298 2114 filio

249 2142 402 2224 loquitur,
413 2163 478 2204 oon
488 2155 611 2204 veretur
620 2143 711 2205 fateri
724 2145 762 2206 de
772 2144 864 2223 dolis,
875 2167 953 2227 quos
963 2146 1031 2206 vult
1041 2145 1209 2220 adstruere,
1218 2165 1299 2226 prae-
1343 2155 1344 2220 l

250 2233 359 2294 ¹sertim
376 2247 484 2294 contra
501 2235 635 2296 lunonis
649 2233 753 2310 doloe;
775 2234 833 2296 hos
853 2237 938 2296 enim
953 2235 1098 2316 intelligit
1114 2235 1148 2294 in
1164 2234 1241 2309 illis,
1260 2255 1298 2294 ne

250 2333 344 2381 mutet
361 2342 390 2380 se
409 2323 530 2382 numine
548 2321 663 2404 aliquo,
683 2323 789 2399 idest,
809 2325 964 2398 Junonio;
984 2322 1037 2382 sed
1051 2335 1183 2382 teneamr
1197 2341 1298 2380 amore

251 2429 360 2492 moqno
372 2412 480 2470 AEneaez
499 2409 556 2469 Sed
572 2413 646 2490 quid
662 2425 706 2470 est
719 2411 770 2472 hic
782 2419 915 2472 mecum?
933 2410 1080 2492 Explico,
1093 2430 1156 2469 una
1168 2431 1299 2472 merem

248 2511 391 2582 gerente,
412 2517 462 2556 me
474 2497 568 2556 simul
581 2495 756 2572 adnitente,
775 2513 806 2558 ct
820 2501 959 2579 impense
973 2519 1037 2557 rem
1053 2511 1200 2556 curanter
1223 2519 1299 2558 narn

251 2588 346 2663 illud,
366 2587 450 2669 quod
464 2586 594 2646 obvium
606 2601 751 2669 apparet,
772 2602 854 2646 amet
867 2585 973 2661 illurn,
992 2599 1028 2646 ut
1042 2605 1099 2666 ego
1114 2605 1201 2661 amo,
1223 2589 1298 2670 quia

250 2675 373 2737 triviale
385 2673 527 2756 negligw,
539 2672 620 2734 nihil
633 2676 715 2734 enim
731 2686 823 2756 poeta
837 2671 1009 2734 trivialiter.
1046 2691 1048 2696 ’

291 2777 359 2857 676.
372 2777 472 2835 Locus
485 2777 674 2836 attentionis.
687 2775 812 2834 lnvenit
822 2772 874 2834 hic
884 2772 1035 2834 decorum
1044 2760 1296 2834 Nascimb'aenus:

252 2885 327 2926 nam
337 2877 459 2924 mentem
471 2863 582 2924 maluit
592 2879 683 2946 poeta
694 2886 750 2948 per
759 2865 1027 2938 extenuationem,
1037 2882 1131 2944 quam
1141 2861 1298 2924 consilium

252 2949 369 3022 dicere;
389 2967 438 3024 ut,
457 2954 484 3010 si
496 2973 566 3032 quae
581 2955 687 3014 Venus
702 2954 840 3031 dixisset,
859 2975 929 3036 quae
943 2967 1044 3015 essent
1057 2954 1162 3010 minus
1175 2951 1212 3010 ad
1228 2972 1296 3010 rem

251 3038 379 3112 ¹idonea,
393 3039 517 3118 Cupido
529 3043 595 3120 ipse
609 3043 738 3102 meliora
754 3041 936 3118 adduceret,
950 3062 1055 3122 neque¹
1064 3054 1223 3102 vereretur
1234 3042 1296 3099 Ve-

252 3125 447 3205 neris-menti
464 3122 583 3202 aliquid
599 3127 729 3187 addere:
752 3128 814 3189 hoc
827 3132 945 3210 quippe
960 3129 1108 3190 decorum
1122 3141 1214 3202 esset3
1230 3147 1296 3186 non
1343 3207 1344 3212 η

253 3221 328 3279 item
340 3211 508 3275 consilium
519 3211 647 3273 Veneris
662 3215 837 3277 disturbare
851 3230 1029 3278 acmutare.

293 3309 361 3390 677.
378 3307 425 3365 En
440 3301 505 3384 jam
520 3303 686 3362 consilium
706 3303 835 3366 ductum
855 3307 893 3366 ab
913 3309 1091 3382 occasione,
1112 3327 1173 3387 qua
1187 3328 1264 3388 puer
1277 3329 1296 3367 a
1343 3327 1344 3364 ὲ

254 3410 342 3476 patre
354 3407 501 3454 vocatur:
517 3405 609 3452 vocat
624 3391 715 3451 illum
729 3415 830 3454 curam
843 3415 926 3455 suom
940 3399 1116 3469 maximam,
1131 3416 1192 3474 qua
1206 3394 1294 3454 vide·
1343 3469 1344 3472 Ἴ

252 3481 324 3540 licet
342 3480 441 3540 loveri
458 3493 587 3566 nepotes
603 3478 713 3540 solent.
731 3481 814 3557 Quid
829 3479 881 3542 hic
896 3497 1014 3559 autem,
1031 3485 1063 3542 in
1077 3503 1139 3564 quo
1154 3485 1213 3542 sita
1225 3503 1293 3564 spes
1343 3497 1344 3540 l

252 3565 379 3646 Trojani
399 3569 554 3630 nominis?
573 3576 750 3652 Προληπτικῶς
767 3573 902 3632 occurrit
920 3573 1124 3647 dubitationi3
1143 3585 1173 3632 et
1192 3573 1294 3632 obiter

252 3658 350 3738 jactat
363 3651 570 3734 gloriabunda
584 3657 654 3719 loca
666 3657 736 3735 illa,
753 3681 821 3740 quae
834 3659 891 3719 sibi
906 3682 1010 3721 sacra:
1027 3661 1127 3721 verbis
1138 3661 1206 3719 istis
1217 3663 1293 3742 sopi-
1343 3707 1344 3712 κ

257 3760 317 3806 tum
328 3763 444 3818 somno,
457 3747 600 3808 innuitur
614 3750 729 3809 arctior
744 3763 774 3810 et
787 3749 880 3811 altior
892 3771 1028 3812 somnus.
1287 3741 1289 3746 ⁵

294 3841 365 3899 682:
375 3841 464 3902 Ratio
474 3846 645 3924 superioris
655 3846 778 3906 consilii
791 3871 797 3907 :
808 3847 956 3924 condam,
966 3849 1083 3929 nequis
1093 3847 1292 3946 poesitscire.
1343 3915 1344 3922 ἵ

254 3929 416 4009 Sequitur:
434 3931 593 4011 Tufaciem
608 3931 700 4007 illius,
713 3947 767 3994 etc.
787 3935 891 4012 idest,
909 3949 944 3996 tu
956 3923 1081 3995 'Aeanti
1093 3932 1205 3994 faciem
1219 3934 1292 3996 dolo
1343 3955 1344 3958 ¹

257 4017 421 4088 ementire3
438 4029 468 4075 te
483 4015 529 4075 illi
547 4038 602 4098 per
616 4019 727 4084 dolum
741 4023 898 4084 assimulo.
913 4021 1058 4086 Scholion
1066 4021 1132 4083 lul.
1147 4016 1291 4104 Scaligeri
1343 4035 1344 4102 j
