2646 4606
307 313 359 378 ru
382 299 617 382 nnuroos
640 316 733 382 uro.
758 321 822 384 vr.
1019 329 1082 410 ω

34 443 169 494 muntem
185 435 285 511 Quem
299 435 447 496 inlocum
461 438 596 497 Servius:
610 437 679 498 bene
689 439 804 516 allusit;
815 465 886 502 num
900 449 1086 512 concordiam

33 521 64 579 in
84 519 253 586 liuusilitote
275 539 440 600 tenuerunt,
461 547 528 587 curu
547 526 696 588 nobilitate
714 535 828 592 veroin
847 533 923 594 bella
938 556 1086 604 venemur.
1155 591 1156 598 ,

33 607 199 690 Sequitur,
215 616 284 674 Heu
296 623 440 694 quantum
453 615 527 674 inter
538 635 567 672 se
581 612 704 674 bellum!
717 617 861 698 pulchre3
874 622 946 681 uam
962 627 1087 687 nullum

35 694 1090 790 deploratius,infestius,calamitosiuszilloenimRespublicaliber·

35 799 136 846 tatem
157 793 274 868 amisit,
293 794 327 851 in
348 794 514 874 imperium
533 795 670 853 transiit:
690 794 759 854 ideo
777 799 969 878 amplificans
986 806 1090 884 addit,
1134 841 1137 845 ·

33 893 166 956 quantas
178 883 268 956 acies,
282 895 461 964 straqemque
472 882 604 944 ciebunt!

75 965 280 1030 asosflahuit
290 972 456 1052 Pompeius
467 991 595 1031 uxorem
605 973 622 1030 l
626 970 732 1048 uliam,
746 971 845 1032 filiam
857 974 934 1035 Julii
946 977 1089 1044 Caesaris:
1127 979 1129 986 ’

20 1047 147 1134 'itaque
163 1057 264 1118 Julius
284 1079 369 1119 socer
387 1059 463 1134 fuit,
485 1060 650 1140 Pompeius
670 1079 781 1142 gener:
802 1060 960 1124 descendit
981 1083 1090 1130 contra
1175 1067 1177 1070 ’

34 1143 164 1209 Italiam
176 1147 278 1208 Julius
291 1149 330 1208 ab
344 1146 492 1230 Alpibus,
504 1169 580 1230 quas
595 1147 646 1208 hic
661 1162 752 1212 vocat
766 1172 905 1231 aggeres,
920 1175 992 1213 nam
1005 1157 1091 1239 Alpi-

35 1233 96 1292 bus
110 1235 202 1294 ltalia
215 1237 369 1312 munitur,
381 1249 532 1318 tanquam
547 1238 725 1318 aggeribus3
740 1259 794 1320 per
806 1261 874 1298 eam
885 1256 1019 1322 partem,
1028 1269 1091 1329 qua

35 1319 133 1402 Alpes
155 1323 264 1387 vieinae
278 1337 351 1387 sunt
364 1325 509 1384 Monoeco
522 1325 635 1405 portui
652 1325 809 1406 Liguriae:
829 1329 997 1410 Pompeius
1015 1353 1090 1396 vero

9 1433 11 1440 ⁴
37 1409 254 1470 Orientalibus
267 1410 366 1470 valuit
379 1411 502 1494 opibus.
706 1472 708 1478 ,

79 1497 153 1556 832.
172 1498 316 1578 Sequitur
337 1495 512 1556 admonitio
531 1495 687 1572 Anchisae,
708 1519 769 1578 qua
790 1514 923 1563 conatur
940 1503 1093 1570 retrahere

39 1583 78 1642 ab
100 1585 197 1644 armis
214 1585 334 1646 Julium
349 1596 380 1642 et
396 1585 600 1665 Pompeium:
615 1595 704 1642 vocat
722 1584 793 1645 illos
808 1601 912 1668 pueros
929 1613 964 1650 ex
980 1593 1093 1656 decoro
1188 1627 1192 1642 =

39 1676 123 1736 senis
136 1673 294 1750 Auchisae,
307 1686 337 1734 et
349 1686 391 1733 est
404 1685 550 1755 praterea
562 1693 622 1732 vox
633 1670 874 1738 blanditiarum:
888 1697 995 1743 monet
1006 1705 1094 1764 vero,

39 1774 75 1821 ut
90 1763 270 1822 abstineant
285 1783 302 1820 a
316 1759 400 1820 civili
416 1760 514 1836 bello,
531 1780 632 1840 neque
648 1776 831 1822 convertant
847 1767 928 1828 vires'
937 1774 1093 1852 patriast„

40 1854 173 1934 propria
184 1854 321 1912 vviscera:
337 1864 381 1912 est
397 1849 580 1910 enim'nihil
597 1848 684 1910 aliud
701 1851 791 1911 civile
806 1851 937 1933 belluin,
955 1883 1051 1944 quam
1067 1867 1093 1925 si

41 1945 124 2003 vires
141 1945 214 2024 ipsae
224 1943 365 2024 'corporis
379 1940 511 2022 perdant
524 1941 655 2017 viscera,
668 1942 829 2002 etvitalia:
844 1966 918 2006 nam
930 1947 978 2010 his
992 1955 1095 2016 subla·

41 2034 96 2108 tis,
110 2034 213 2114 perire
225 2053 350 2114 quoque
361 2032 441 2091 vires
456 2050 577 2091 neeesse
590 2043 643 2090 est.

82 2120 156 2196 834.
169 2120 303 2182 Affectus
315 2119 455 2183 Anchisae
467 2121 566 2180 elucet
577 2124 746 2202 praesertim
757 2143 828 2202 erga
840 2125 1005 2204 Caesarem,
1018 2135 1096 2193 utin

43 2230 154 2284 suum,
177 2221 269 2289 atque
290 2231 327 2270 ex
348 2230 405 2269 suo
426 2209 545 2268 semine
564 2219 738 2288 posterum;
757 2207 843 2284 ideo,
861 2216 979 2293 sanquis
997 2237 1096 2278 meus:

42 2297 148 2372 addit,
163 2318 253 2378 penus
266 2300 318 2377 qrti
335 2295 415 2356 ducis
430 2295 555 2377 Olympo
560 2320 572 2368 ,·
586 2307 713 2376 propter
728 2297 897 2356 Venerem:
916 2301 1020 2382 itaque
1030 2302 1096 2384 jam

43 2401 113 2447 tum
129 2385 263 2459 Julium,
278 2383 404 2445 heroem
416 2397 520 2459 vocat,
535 2399 569 2444 ut
581 2387 683 2465 quiex
696 2386 821 2444 mortali
834 2386 980 2466 Anchisa,
993 2413 1028 2454 ex
1041 2396 1098 2455 im.

44 2473 174 2538 mortali
185 2475 304 2534 Venere
321 2473 469 2534 ducturus
488 2487 564 2532 esset
580 2475 752 2554 originem:
772 2475 873 2536 voluit
889 2481 973 2539 enim
992 2481 1096 2545 haere

44 2565 202 2638 indicare,
214 2563 335 2624 Julium
347 2562 546 2624 illustriorem
564 2562 632 2623 iore
645 2565 809 2643 Pompeio.

85 2662 157 2721 836.
172 2659 259 2720 Alios
274 2659 367 2721 duces
382 2659 473 2720 affert
486 2659 576 2720 nullo
591 2673 709 2720 servato
726 2661 849 2736 ordine,
865 2669 918 2744 qui
931 2665 1023 2728 rehus'
1036 2671 1097 2730 uo·

48 2753 152 2810 manis
175 2749 359 2832 dignitatem
385 2761 484 2810 essent
507 2749 657 2809 allaturi:
682 2748 806 2810 duobus
829 2753 935 2830 primis
959 2756 1097 2820 versibus

48 2839 82 2897 L.
106 2838 298 2898 Mummium
320 2839 481 2920 intelligit,
501 2840 554 2918 qui
573 2836 689 2896 Consul
711 2835 838 2896 Achaeos
856 2840 944 2916 vicit,
966 2843 1048 2903 unde
1070 2857 1099 2904 et

48 2925 203 2988 Achaicus
219 2939 263 2986 est
280 2926 466 3010 appellatus,
481 2937 511 2983 et
525 2922 713 2984 Corinthum
731 2923 856 3000 delevit,
875 2947 909 2986 ac
925 2929 1099 3012 triumpha·

50 3017 110 3092 vit3
126 3015 197 3076 ideo
209 3019 301 3076 vietor
310 3027 377 3098 oqet
386 3035 505 3075 currum
517 3011 558 3073 ad
568 3011 629 3073 alta
645 3011 805 3094 Capitolio3
817 3035 890 3076 nam
902 3018 1098 3100 triumphan-

50 3117 93 3162 tes
109 3101 199 3163 ibant
211 3103 249 3164 ad
264 3105 374 3163 lovem
388 3101 591 3182 Capitolium.
830 3157 834 3164 .

93 3189 161 3248 838.
172 3188 407 3270 Diversumjam
418 3185 565 3247 indicata
576 3187 747 3263 Mummio,
759 3204 789 3248 et
798 3188 929 3250 Paulum
942 3192 1101 3254 AEmilium

51 3277 214 3358 intelligit:
229 3296 286 3356 per
299 3274 450 3340 AEocidem
465 3287 568 3334 autem
582 3276 694 3335 Persen
712 3278 825 3358 Regem
842 3278 1045 3354 Macedoniae,
1061 3283 1099 3354 ab

54 3381 166 3441 genere
178 3361 318 3436 Achillis3
332 3383 424 3444 quem
436 3364 548 3422 Persen
562 3362 636 3421 vicit
646 3363 775 3437 Paulus,
790 3377 820 3423 et
832 3367 957 3445 insuper
970 3388 1102 3448 regnum

56 3469 151 3510 omne
169 3451 350 3510 Graecorum
368 3450 533 3522 subvertit3
552 3446 622 3507 ideo
641 3461 722 3508 euoet
737 3453 849 3530 Ary055
864 3454 1007 3531 Mycenas
1023 3458 1104 3538 Aqu-

56 3542 218 3598 memnonis
223 3563 234 3613 ,·
253 3542 347 3620 ipsum
365 3535 529 3598 AEoeiden:
548 3537 580 3595 id
602 3557 675 3596 vero
694 3537 784 3596 faciet
804 3537 882 3599 ultus
901 3561 970 3601 noos
994 3541 1103 3627 ijoe,

58 3625 165 3708 templo
175 3639 204 3686 et
215 3638 349 3686 temerata
361 3627 520 3684 Minervae:
536 3625 622 3706 quod
636 3627 817 3706 interpretes
830 3625 968 3688 referunt
979 3631 1018 3690 ad
1030 3632 1103 3693 faci-

57 3733 116 3774 nus
131 3705 339 3795 Ajacis'Oilei,
354 3716 409 3795 qui
427 3716 460 3772 in
477 3714 595 3794 templo
611 3713 746 3774 Palladis
765 3716 944 3778 Cassandrae
961 3734 1103 3804 stuprum

60 3802 175 3863 intulit.
188 3801 284 3884 (Vide
298 3815 387 3860 notas
399 3802 531 3882 lleynii,
546 3819 621 3862 tom.
632 3803 691 3879 lll,
704 3824 775 3884 pag.
790 3803 876 3884 204.)

95 3954 154 4008 835.
171 3955 262 4027 Tuque
268 3955 353 4026 prior,
367 3964 395 4005 tu
404 3971 490 4026 parce.
504 3953 558 4006 Gae-
603 3955 780 4026 Pompeianos
789 3957 913 4030 legimus;
925 3959 1103 4012 cuivulttuae

61 4033 113 4086 sari
125 4031 204 4098 dicit,
224 4051 303 4105 quem
317 4033 475 4086 elementem
488 4035 560 4086 circa
604 4035 657 4088 hoc
670 4053 728 4089 esse
739 4036 904 4092 mandatum.
918 4040 986 4092 Sera.
999 4034 1005 4045 ‘
