2646 4606
362 287 414 351 ln
438 285 673 353 nnalnos
696 286 789 352 ΜΒ.
813 287 876 352 vr.
1078 287 1139 376 357

141 407 205 490 149.
220 412 374 474 Transitio
389 411 427 474 ad
443 431 546 474 casum
558 413 686 487 Miseni,
697 412 754 472 ubi
763 409 917 492 pathetica
929 411 1053 474 omnia:
1067 433 1142 473 nam
1157 473 1159 478 ,

94 517 191 577 quern
204 499 260 559 ista
269 521 334 560 non
346 498 509 562 moveant?
514 497 599 582 jacet
608 519 727 580 corpus,
737 510 768 558 et
778 497 839 559 boc
850 501 1034 575 exanimum,
1044 513 1075 560 et
1083 499 1143 559 hoc

93 588 188 646 amici
192 611 204 660 ,·
213 588 268 648 ubi
279 587 538 664 exclamatio,lreu
546 589 653 648 nescis!
663 600 754 671 auget
766 585 925 650 affectum:
940 589 1015 671 quid
1023 601 1145 671 prseter-

95 673 152 734 ea?
169 678 303 753 incestet,
322 699 361 739 en
375 680 505 740 verbum
518 677 694 758 religionis,
713 677 818 753 idest,
835 678 948 760 polluit
959 693 1057 739 totam
1069 677 1144 739 clas·

95 786 181 826 sem:
197 789 269 830 sane
281 771 429 830 incestata
442 768 554 829 domus
570 781 600 826 et
615 767 737 849 polluta
751 768 934 849 putabatur,
945 770 978 828 in
993 790 1054 850 qua
1068 782 1144 830 esset

95 867 254 931 mortuus,
268 859 327 917 nisi
342 855 462 938 piacula
475 855 671 915 accederent:
685 875 774 936 ergo,
795 855 869 938 refer
885 855 976 916 illum
993 859 1052 916 suis
1069 855 1142 916 secli·

96 940 164 1018 bris,
177 945 209 1004 id
225 957 283 1021 est,
295 946 474 1028 sepulturae3
487 957 531 1006 est
542 947 625 1004 enim
641 945 814 1026 sepultura,
827 946 956 1026 propria
966 944 1050 1006 sedes
1061 966 1143 1004 mor·

96 1046 239 1110 tuorum3
257 1059 313 1098 nec
327 1038 428 1098 solum
439 1036 533 1111 refer,
550 1035 602 1096 sed
617 1035 717 1095 conde
731 1035 765 1094 in
780 1033 941 1115 sepulcro,
958 1034 990 1094 id
1007 1047 1065 1110 est,
1083 1047 1142 1096 ter·

95 1142 164 1182 ram
178 1124 284 1206 injice:
300 1127 433 1208 pendere
446 1126 498 1187 hic
510 1138 570 1202 est,
585 1145 649 1186 esse
660 1125 838 1186 sollicitum.

141 1215 208 1274 153.
220 1215 291 1274 Non
303 1213 363 1275 hoc
377 1214 416 1274 de
429 1215 551 1274 Miseno
565 1210 765 1294 capiendum,
780 1209 832 1272 sed
847 1211 885 1272 de
899 1206 1050 1272 sacrificio
1062 1211 1144 1280 Deo·

95 1318 168 1358 rum
182 1301 338 1378 Manium,
351 1302 437 1383 quod
452 1301 563 1362 ultimo
577 1300 648 1362 loco
661 1301 818 1382 peragitur
834 1298 873 1358 ad
891 1297 1051 1358 adeundos
1067 1297 1145 1358 infe-

96 1407 148 1446 ros
160 1412 167 1448 :
178 1390 248 1452 ideo
260 1393 410 1474 sequitur,
424 1394 464 1452 sic
476 1390 606 1462 demum
629 1405 686 1449 etc.
701 1387 829 1471 perinde
841 1408 876 1447 ac
888 1388 913 1446 si
925 1386 1007 1446 dicat
1019 1409 1025 1445 :
1042 1387 1066 1444 si
1083 1387 1144 1446 tria

95 1481 263 1559 peregeris,
279 1499 349 1561 quae
362 1481 510 1560 praecepi,
524 1477 624 1538 adibis
639 1476 769 1549 inferos3
791 1496 857 1535 non
870 1474 973 1549 aliter,
986 1472 1144 1547 videlicet,

96 1563 123 1620 si
146 1585 268 1627 ramum
289 1569 456 1650 carpseris3
476 1566 632 1626 Misenum
651 1563 867 1634 tumulaveris3
888 1563 991 1641 nigras
1011 1559 1144 1641 pecudes

96 1650 219 1714 duxeris
231 1658 295 1718 Diis
307 1655 465 1718 Manibus.
476 1657 532 1716 His
544 1655 771 1736 pronuntiatis,
787 1649 946 1712 obmutuit
959 1670 1063 1732 presso
1075 1669 1145 1723 ore3

96 1745 214 1824 quasia
227 1746 346 1808 Pboebo
361 1769 427 1808 non
439 1747 532 1829 plura
545 1745 633 1827 loqui
646 1744 885 1827 permitteretur.

139 1831 204 1892 156.
215 1835 291 1895 Vide
303 1837 348 1896 uti
361 1835 526 1896 altissimus
538 1855 653 1894 moeror
665 1828 859 1892 describatur
872 1849 911 1900 en
920 1823 1072 1888 defixisin
1084 1838 1144 1885 ten·

97 1935 166 1976 ram
181 1919 294 1997 oculis,
309 1937 338 1982 et
348 1937 460 1984 moesto
473 1920 581 1983 vultu:
592 1919 686 1996 illud,
695 1917 855 2002 ingreditur
869 1913 1001 1999 linquens
1013 1925 1144 1987 anuum,

96 2020 157 2082 est,
175 2009 283 2073 relicto
298 2021 389 2073 antro*
398 2057 408 2088 ,
423 2014 507 2072 viam
527 2009 717 2092 ingreditur,
732 2021 766 2068 et
779 2007 908 2088 capessit
922 2007 998 2064 iter:
1023 2002 1145 2064 volutat

97 2095 205 2156 animo
219 2119 322 2175 coecos,
335 2099 368 2162 id
386 2115 450 2176 est,
464 2101 619 2172 incertos,
636 2109 768 2167 euentus,
788 2095 861 2174 quia
875 2093 1011 2151 incertus
1024 2089 1145 2165 adbuc,

97 2185 327 2263 quiaillemise'r
338 2211 345 2247 ι
359 2210 425 2248 non
435 2185 702 2250 minoribuscuris
713 2186 737 2242 it
748 2180 1003 2254 Achates;‚immo
1011 2176 1144 2259 paribus,

96 2285 132 2333 ut
144 2276 302 2357 quifidus:
318 2277 388 2338 idco
401 2279 520 2360 signate
526 2277 600 2358 figit
610 2269 745 2354 vestigia,
762 2283 797 2328 ut
812 2269 872 2330 alte
886 2265 1124 2349 cogitabundus.

139 2366 205 2424 162.
220 2368 244 2424 A
258 2365 417 2447 profunda
428 2367 616 2447 cogitatione
626 2364 758 2422 veniunt
773 2358 811 2418 ad
825 2358 933 2433 verba,
945 2371 975 2418 et
985 2368 1143 2439 quoerunt,

95 2451 296 2527 adinvicem,
312 2454 380 2533 quis
394 2453 447 2514 ille
459 2454 561 2526 miser,
574 2453 628 2533 qui
644 2447 838 2510 humandus.

137 2541 205 2600 162.
216 2543 291 2602 Ecce
303 2541 348 2601 illi
358 2555 409 2618 ,ut
421 2561 546 2615 venere,
555 2541 722 2600 inveniunt
731 2549 892 2596 mortuum
904 2533 1075 2606 Misenum,
1091 2529 1143 2589 sed

95 2639 174 2710 quot
187 2626 238 2688 bic
251 2628 340 2692 stelin?
351 2650 486 2710 magnus
496 2628 612 2708 ubique
622 2625 784 2704 Virgilius3
799 2621 852 2680 sed
866 2622 1017 2680 maximus
1029 2622 1062 2677 in
1077 2615 1144 2676 des-

95 2715 251 2776 cribendis
267 2716 439 2778 aflectibus.
456 2718 612 2776 Misenum
625 2711 736 2784 vident,
755 2729 821 2769 non
836 2705 984 2778 audiunt,
1002 2723 1065 2784 quo
1082 2702 1146 2761 for-

97 2804 139 2862 tis
152 2805 191 2862 sit
202 2803 331 2862 affectus
342 2825 351 2864 t
364 2817 396 2862 et
407 2800 492 2862 bunc
500 2813 679 2884 peremptum
691 2807 782 2854 morte
796 2791 932 2874 indigna,
950 2801 980 2850 et
991 2787 1144 2869 jacentem

96 2895 132 2952 in
145 2894 221 2953 sicco
241 2890 336 2967 litore,
358 2913 430 2952 cum
444 2892 658 2974 oppositione;
673 2883 814 2964 namqui
830 2883 864 2940 in
885 2878 966 2938 mari
983 2879 1093 2959 periit,
1110 2879 1143 2936 in

97 3067 108 3089 α
118 3045 168 3108 Ut,
180 3045 202 3095 si
213 3045 240 3096 in
254 3055 375 3116 opertum
388 3045 466 3096 Bonae
482 3043 537 3096 deae
550 3062 592 3096 ac-
637 3058 693 3092 ram
702 3041 787 3112 ipsam
797 3036 909 3108 capiunt
917 3027 1143 3084 condendismor-

93 3125 233 3191 cessisses,
243 3124 394 3177 exulares.»
410 3125 508 3176 Mureti
522 3123 593 3176 hanc
637 3121 689 3172 tuis
700 3118 869 3171 destinatam.
878 3107 1140 3178 —Condesepulero

93 3207 249 3276 opinionem
260 3207 394 3276 vituperat
405 3206 530 3277 Heynius.
636 3201 698 3250 Non
709 3208 749 3249 est
762 3193 920 3264 tautologia.
936 3189 996 3242 Duo
1010 3184 1090 3254 dicit,
1102 3188 1141 3237 vi·

133 3283 189 3336 152.
200 3285 304 3338 Sedibus
314 3285 385 3337 hunc
393 3285 460 3357 refer
467 3295 529 3336 ante
536 3283 594 3335 suis.
641 3278 752 3342 delicet,
771 3276 843 3327 refer
862 3271 897 3324 ad
914 3267 1098 3358 sepulturam,
1117 3279 1143 3318 et

92 3365 199 3419 Servius
214 3379 291 3438 putat
303 3367 397 3438 attingi
410 3384 526 3431 morem,
541 3382 595 3434 quo
640 3358 725 3410 relato
736 3369 834 3409 terram
845 3353 940 3422 injice,
952 3345 1076 3398 namhoc
1087 3360 1141 3413 est,
1217 3405 1220 3411 Ι

93 3448 159 3499 olim
171 3449 268 3498 mortui
279 3449 305 3498 in
317 3449 371 3500 suis
384 3447 484 3499 redibus
495 3443 596 3498 conde·
641 3436 738 3491 00nd0·
1054 3505 1059 3517 .

94 3525 206 3591 bantur,
220 3527 293 3597 quod
304 3525 349 3578 bic
362 3539 452 3579 tamen
468 3543 593 3578 necessa·
680 3516 737 3568 160·
756 3510 845 3568 Multa
862 3510 929 3560 ''²¹²“
939 3523 989 3560 “⁹²
1003 3523 1142 3598 QW*

93 3608 166 3659 rium
175 3621 279 3660 nonest
290 3625 296 3657 ε
307 3625 370 3659 nam
381 3625 469 3677 neque
476 3605 595 3676 bocper·
638 3615 715 3650 mone
726 3593 849 3648 serebant.
865 3590 914 3641 Hic
931 3603 1041 3659 proprie
1055 3583 1142 3640 dictus

93 3688 280 3757 petuumfuit,
292 3685 397 3738 dicente
406 3687 487 3738 Poeta
497 3687 524 3736 iu
534 3687 592 3738 AEn.
639 3689 680 3730 ost
692 3691 793 3736 senno,
808 3671 854 3742 ‘lul
868 3669 937 3720 5⁰¹⁰?
947 3678 1090 3735 utrumque
1103 3683 1144 3717 ⁸⁰·

95 3767 149 3831 xl,
164 3765 198 3818 de
208 3767 322 3817 mortuis
338 3764 514 3835 corporibus:
533 3764 596 3814 «lii-
639 3758 714 3810 ritur.
736 3752 779 3804 Sic
797 3750 826 3802 in
842 3747 891 3800 llll
905 3768 912 3798 s
925 3770 936 3794 s
948 3745 1142 3836 Sermofflff⁸q⁰⁶

94 3847 203 3898 nitimos
220 3845 317 3896 tollunt
332 3845 359 3895 in
374 3861 461 3915 agros.
472 3867 483 3890 s
500 3845 594 3913 Neque
640 3838 703 3892 serit
712 3834 809 3886 varios.
821 3852 833 3878 s
847 3826 980 3882 ltaGroeci
991 3842 1052 3896 pan
1063 3823 1140 3876 mdo·

95 3925 149 3977 hoc
158 3926 214 3993 jam
225 3925 354 3995 placitum
365 3923 429 3976 boni
439 3921 534 3994 judicii
545 3921 595 3973 ho·
640 3920 665 3972 le
682 3911 844 3985 σπερμολογθῖν
855 3947 862 3971 s
881 3921 908 3962 et
922 3904 1080 3976 mtlmtss‘fl
1092 3924 1098 3954 ί
1114 3918 1141 3962 et

93 4004 225 4071 minibus,
237 4007 284 4075 qui
290 4003 334 4057 bic
344 4022 393 4077 per
401 4003 469 4057 sedes
475 4020 532 4056 suas
540 4013 595 4054 ter·
640 3994 813 4060 Plutarchus,
828 3989 953 4060 antifonis
966 3985 1056 4051 ³⁶⁹le
