2692 4594
237 337 298 405 1611
560 335 952 402 commendante

231 461 308 542 quid
320 459 405 520 aliud
416 471 475 534 est,
487 457 557 520 illos
568 457 648 518 mihi
657 457 781 538 Trojam
790 458 948 534 evertisse,
963 467 994 518 et
1002 453 1060 518 bas
1069 479 1157 520 meas
1166 455 1272 520 sedes:

231 546 348 628 deinde¹
366 569 437 608 cum
456 545 551 608 taedio
569 547 641 606 vitta
659 546 781 626 adjicit,
799 547 867 606 satis
885 566 946 606 una
961 567 1115 628 superque,
1134 561 1193 608 etc.
1211 547 1271 608 Ubi

231 638 383 696 sententia
401 634 554 717 capienda
573 649 619 698 est
634 633 673 694 de
690 635 825 709 excidio,
844 632 931 715 quod
948 632 1039 714 Troja
1058 657 1151 717 passa
1169 647 1217 696 est
1234 635 1270 694 ab
1330 685 1331 718 ,

231 721 379 800 Hercule,
397 723 455 784 sub
472 744 543 803 rege
561 723 788 797 Laomedonte,
802 721 888 804 quod
900 722 1054 782 excidium
1065 721 1218 784 Anchises
1230 725 1271 782 ri·
1330 721 1331 770 ἒ

232 809 334 884 derat;
357 825 388 874 et
401 813 475 872 satis
489 832 568 888 esse,
587 812 646 888 ait,
664 813 689 871 si
703 813 759 872 uni
774 811 895 871 excidio
909 813 1133 893 supervixerit,
1152 811 1272 872 duobus

232 920 298 960 non
310 899 388 961 vult.

270 985 338 1063 644.
357 988 518 1049 Mortuum
538 1010 570 1049 se
587 986 722 1070 effingit,
741 990 980 1070 componitque,
1000 988 1078 1048 acsi
1097 985 1273 1047 efferendus

232 1089 313 1136 esset
331 1077 370 1138 ad
388 1078 565 1139 tumulum:
587 1090 618 1137 et
633 1078 726 1159 petit,
745 1078 792 1136 uti
807 1076 899 1136 affari
915 1075 1014 1135 velint
1030 1073 1070 1134 ad
1087 1095 1120 1135 se
1140 1083 1275 1134 exuema

232 1165 302 1242 illa,
316 1165 394 1242 vele,
409 1167 486 1243 vale,
500 1189 570 1250 quae
583 1169 714 1228 mortuis
730 1168 792 1226 vivi
807 1165 920 1226 solent.
940 1167 1023 1248 lpse,
1043 1166 1167 1248 inquit,
1179 1184 1274 1224 manu

231 1273 302 1312 mea
312 1275 362 1314 me
376 1253 573 1316 interficiam.
588 1257 618 1316 si
633 1276 705 1316 vcro
719 1253 797 1314 mibi
812 1255 962 1315 nonsatis
976 1255 1074 1313 animi
1089 1253 1129 1314 ad
1141 1265 1276 1312 mortem

233 1361 351 1418 meam,
372 1363 438 1402 non
452 1343 550 1404 deerit
562 1363 736 1422 percussor,
754 1344 808 1424 qui
820 1342 979 1418 laborum,
995 1362 1074 1424 quos
1088 1342 1212 1423 patior,
1223 1339 1279 1398 mi·

235 1445 388 1506 screatum
405 1432 454 1492 vel
469 1433 641 1514 cupiditate
653 1435 845 1494 exuviarum.
864 1433 986 1494 Deinde
998 1433 1135 1492 occurrit
1150 1429 1212 1490 sibi
1224 1449 1279 1510 per

232 1519 392 1602 prolepsin
405 1543 412 1579 :
430 1520 506 1602 quid
519 1524 545 1582 si
560 1523 732 1604 insepultus
745 1520 889 1582 maneas?
901 1519 968 1582 haec
981 1518 1075 1595 mihi,
1092 1514 1278 1600 respondet,

230 1609 353 1687 jactura
363 1611 465 1670 facilis
479 1614 553 1687 erit,
564 1633 665 1694 neque
677 1612 786 1694 digna,
801 1633 894 1695 quam
907 1625 1058 1693 reputem.

273 1694 341 1778 647.
354 1698 513 1760 Subnectit
523 1701 600 1760 duas
610 1699 685 1760 alias
695 1696 817 1774 causas,
833 1700 947 1781 quibus
957 1698 1105 1770 ostendit,
1118 1694 1277 1755 contemni

235 1805 254 1844 a
267 1804 298 1842 se
309 1786 419 1860 vitam,
441 1789 541 1868 optari
556 1799 707 1846 mortem:
726 1789 814 1869 prior
827 1799 887 1862 cst,
902 1783 943 1846 ab
955 1784 1029 1845 odio
1041 1785 1199 1856 Deorum,
1213 1780 1277 1860 qui-

233 1872 294 1930 bus
311 1873 449 1934 invisus:
469 1877 640 1957 posterior,
658 1878 774 1958 agravi
789 1887 892 1951 aetate,
910 1896 973 1958 qua
988 1871 1054 1954 jam
1071 1885 1117 1932 est
1137 1868 1276 1930 inutilis:

235 1969 414 2040 utramque,
433 1964 493 2038 ait,
508 1961 697 2046 jamdudum
708 1985 741 2026 sc
754 1985 818 2025 esse
829 1977 1006 2046 expertum,
1025 1983 1062 2022 ex
1077 1979 1142 2042 quo
1155 1957 1278 2018 afflatus

237 2061 281 2108 est
298 2065 409 2126 vento,
429 2067 593 2114 contactus
612 2055 678 2134 igni
696 2055 735 2114 ab
752 2055 848 2128 dove,
864 2054 954 2133 quasi
970 2049 1030 2110 bac
1046 2051 1169 2110 ratione
1185 2043 1278 2106 soleat

234 2137 380 2220 Juppiter
392 2140 497 2202 invehi
509 2144 543 2203 in
556 2141 702 2203 homines
714 2140 774 2203 sibi
786 2143 920 2217 invisos,
932 2154 1023 2221 atque
1034 2137 1172 2198 inutiles.

274 2227 343 2289 650.
357 2231 458 2291 Verba
471 2231 627 2314 perstabat,
634 2232 718 2314 fixus
732 2230 880 2306 monebat,
895 2232 1015 2312 signata
1026 2225 1185 2289 omniaad
1196 2225 1277 2284 senis

235 2317 441 2398 pertinaciam
452 2321 685 2402 explicandam:
702 2335 733 2382 et
745 2335 816 2404 apte
829 2341 1006 2393 memorans,⁸
1025 2339 1101 2378 nem
1114 2311 1281 2376 revocabat

236 2401 271 2462 in
283 2406 468 2463 memoriam
480 2411 669 2487 praeteritam
681 2407 843 2470 historiam
856 2410 977 2470 exscissi
989 2406 1050 2466 llil.

274 2489 344 2550 651.
355 2493 566 2574 Oppugnatur
574 2516 664 2554 senex
673 2497 820 2577 lacrymis
827 2497 901 2574 filii,
911 2491 1279 2580 nepotis,nurus,totius

236 2578 364 2640 domus:
373 2579 524 2655 accedunt
531 2583 570 2642 ad
578 2581 732 2666 lacrymas
740 2587 860 2666 preces3
871 2607 945 2646 nam
952 2598 1099 2648 nevertere
1105 2603 1214 2654 11011111,
1224 2591 1278 2638 etc.

236 2665 293 2728 Sed
314 2687 415 2750 neque
428 2684 630 2752 expugnatur
649 2669 810 2754 lacrymis,
831 2694 933 2756 neque
953 2685 1099 2733 exoratur
1120 2666 1281 2750 precibus,

237 2773 312 2814 nam
324 2757 479 2836 sequitur3
500 2755 648 2839 Abneqat,
667 2760 844 2840 inceptoque
854 2773 883 2820 et
894 2759 1006 2818 sedibus
1020 2757 1108 2816 lraeret
1121 2759 1153 2815 in
1168 2753 1281 2825 iisdem

236 2839 293 2902 ubi
305 2841 411 2902 addita
420 2857 468 2902 tot
477 2845 585 2919 verba,
597 2851 735 2926 obticeat,
749 2843 848 2920 boeret,
863 2846 988 2921 sedibus,
1004 2849 1141 2924 incoepto,
1154 2842 1194 2902 ad
1206 2861 1282 2923 pra-

238 2927 402 2989 dicaudam
420 2932 622 2992 immodicam
634 2935 713 2993 senis
725 2935 942 3015 pervicaciam.

271 3081 334 3148 642.
344 3079 411 3134 Satis
418 3102 479 3134 una.
491 3084 735 3156 Calamitasestpa-
779 3087 885 3151 cendit,
898 3085 972 3158 quod
980 3083 1065 3136 findit.
1078 3083 1117 3134 De
1127 3081 1182 3134 hoc
1193 3091 1281 3134 summ

236 3163 316 3214 triam
325 3175 480 3232 pereuntem
492 3163 606 3230 vidisse,
619 3176 645 3216 et
657 3164 736 3216 dolor
780 3165 860 3220 siluit.
877 3165 1043 3219 Fulminatus
1059 3175 1100 3215 est
1116 3173 1208 3214 autem
1226 3161 1280 3211 An·

235 3241 396 3307 immensus,
412 3241 486 3312 quod
498 3241 586 3294 adbuc
600 3256 662 3312 post
679 3247 749 3313 ejus
780 3243 882 3310 chises,
900 3246 964 3315 quia
979 3261 1007 3296 se
1023 3261 1085 3294 oum
1098 3243 1203 3293 Venere
1221 3258 1282 3292 con·

235 3320 372 3374 interitum
381 3322 507 3387 vivimus,
517 3333 543 3372 et
554 3319 642 3374 adhuc
654 3320 687 3374 de
697 3324 736 3374 vi·
781 3323 904 3376 cubuisse
913 3324 1041 3394 jactabat.
1055 3321 1123 3374 Sane
1133 3319 1219 3373 afflati
1231 3331 1283 3370 tac·

235 3402 323 3454 vendo
336 3403 602 3472 cogitamus'Donat.
780 3406 853 3474 tique
868 3402 993 3456 dicuntur
1003 3403 1075 3474 eapti
1086 3399 1229 3460 membris,
1239 3409 1284 3462 ut,

276 3479 336 3548 647.
357 3481 462 3534 Inutilis
478 3500 569 3534 annos.
587 3481 652 3534 Ideo
673 3484 737 3553 quia
784 3485 905 3536 uTactus
922 3485 1000 3536 etiam
1014 3481 1077 3546 ille,
1092 3479 1139 3550 qui
1155 3477 1228 3530 hanc
1239 3494 1281 3528 ur·

235 3555 331 3608 debilis
347 3559 429 3612 fuisse
443 3560 540 3612 dicitur
551 3573 613 3632 post
625 3561 735 3614 fulmen.
780 3563 841 3614 bem
854 3562 974 3616 condidit
985 3559 1123 3614 Romulus.
1137 3581 1148 3605 1
1160 3559 1232 3610 Serv.

237 3634 507 3691 -AnnosDemoroa
516 3641 600 3706 Quasi
610 3641 738 3693 festinan·
815 3641 875 3694 651.
890 3645 945 3696 Nos
958 3652 1056 3694 contra.
1071 3639 1143 3706 Quia
1159 3639 1226 3708 fuga
1243 3653 1282 3688 es-

237 3731 291 3776 tes,
305 3711 350 3764 diu
363 3715 476 3767 vivendo
488 3717 604 3770 detineo.
615 3719 684 3770 Seru.
780 3722 899 3774 setsalus
907 3721 1037 3794 petenda,
1047 3732 1074 3771 et
1081 3721 1139 3771 sine
1148 3720 1209 3788 ipso
1219 3717 1283 3788 fuga

272 3789 332 3857 649.
339 3790 465 3846 Fulminis
472 3795 581 3872 adflavit
588 3798 733 3862 ventis‚etc.
778 3819 833 3852 non
851 3813 924 3867 erat,
942 3799 1102 3862 orabamus,
1122 3791 1156 3848 ne
1173 3797 1281 3847 univer-

237 3872 299 3924 Non
308 3870 445 3938 jaciuntur
461 3875 586 3940 fulmina,
606 3878 656 3928 nisi
673 3895 734 3928 cum
778 3897 834 3932 sam
847 3879 972 3944 domum,
989 3877 1052 3929 dum
1071 3887 1152 3946 negat
1169 3893 1197 3926 se
1211 3873 1281 3944 fugi·

198 4001 202 4005 .
236 3948 753 4006 flatuventorum.Triasuntfulminum·
778 3971 883 4024 turum,
901 3957 1032 4030 perderet.
1052 3955 1123 4026 Ergo
1144 3953 1236 4004 omnia
1251 3969 1284 4003 ex

236 4045 350 4102 genera:
364 4039 403 4080 est
415 4029 487 4100 quod
501 4032 590 4099 afflat,
608 4033 680 4104 quod
692 4037 734 4087 in·
777 4037 847 4092 illius
859 4039 995 4093 voluntate
1006 4034 1174 4108 pendebant
1183 4033 1283 4092 nonae

879 4284 903 4314 O
