2692 4594
306 245 358 308 m
381 242 617 310 anninus
639 195 732 310 nte.
756 247 819 312 lv.
1018 255 1083 321 223

54 383 133 423 aures
147 377 176 424 et
191 385 296 428 sensus
308 367 437 448 reliqui:
451 367 524 430 inde
538 367 578 428 ad
592 371 731 429 animum
746 389 834 430 arnor
843 367 999 451 penetrem
1012 375 1083 440 ideo

53 453 233 536 animumque
246 452 390 516 meantem
403 453 539 538 Impulit,
552 456 585 516 id
604 469 664 531 est,
680 457 820 539 impulit,
834 470 863 518 et
878 457 952 520 feeit
963 461 1085 542 labare,

53 560 120 601 nam
138 543 275 626 digamia
293 546 420 627 quidam
439 545 535 606 veluti
552 545 656 627 lapsus
669 558 699 607 et
713 547 814 630 culpa.
831 547 968 631 Aqnosco
986 557 1085 616 veteris

53 633 314 717 vestiqiaflommae,
327 635 467 696 videlicet
478 655 575 716 quum
584 655 669 696 eram
680 637 713 694 in
724 635 938 700 adolescentia.
948 641 1026 720 Quae
1035 645 1084 706 in·

53 724 147 782 tersita
160 737 234 786 sunt
253 724 292 786 de
310 724 427 788 Siclrao
443 723 560 786 habent
578 745 724 806 magnam
743 730 1011 808 conquestionem,
1030 733 1085 794 ubi

53 805 202 894 videsfotu
213 816 310 874 meari
322 810 471 897 eonjupis,
492 811 596 888 idest,
611 823 766 872 mortem:
780 813 833 874 sed
845 835 910 876 non
922 815 987 880 haee
998 823 1087 896 satist

54 915 120 957 nam
132 921 217 964 mors
229 904 288 966 ista
300 901 446 984 adjuncta
466 923 537 964 cum
555 900 732 982 sacrilegim
750 921 824 962 nam
840 907 937 985 sparsi
955 909 1088 970 Penates
1139 920 1141 924 '

54 993 209 1070 sanguine,
220 1006 249 1056 et
262 1013 334 1056 cum
350 991 533 1075 parricidio,
546 1011 619 1052 narn
630 991 769 1074 fraterna
778 991 870 1054 ooede:
883 995 988 1075 itaque
1000 1017 1093 1060 mors
1155 1021 1159 1025 ·

53 1073 100 1134 illa
110 1099 175 1140 non
184 1081 329 1163 simplex,
341 1079 394 1142 sed
406 1081 440 1140 iu
452 1101 515 1162 qua
527 1079 737 1161 sacrilegium,
752 1089 782 1138 et
792 1080 1002 1162 parricidium.

86 1171 131 1250 alr.
142 1177 293 1260 Epilogus
304 1181 338 1240 in
351 1199 414 1260 quo
426 1192 471 1238 est
481 1177 679 1260 imprecatio,
691 1176 717 1235 ei
729 1177 883 1237 seviciam
897 1177 1003 1240 dedat:
1012 1181 1084 1244 fieta

52 1273 147 1326 tamen
158 1281 232 1328 sunt
246 1269 368 1344 omnia,
387 1279 418 1327 et
431 1281 505 1350 apta
522 1267 650 1348 ingenio
663 1262 810 1325 muliebri
823 1289 831 1324 ι
844 1267 920 1347 qnid
936 1289 1010 1330 vero
1024 1271 1085 1331 sibl

53 1349 247 1432 imprecatur?
258 1354 340 1415 diras
351 1352 524 1414 horribiles.
538 1355 658 1430 Prima,
676 1363 711 1412 ut
724 1351 782 1412 sibi
795 1350 878 1414 tellus
895 1353 1036 1432 dehiscat,
1055 1370 1087 1418 et

52 1432 108 1498 hee
120 1441 196 1516 iura,
209 1437 296 1522 cujus
315 1440 406 1502 hiatu
420 1441 620 1522 deglutiatur.
641 1439 762 1515 Altera,
780 1452 815 1500 ut
835 1461 867 1500 se
879 1442 1024 1525 luppiter
1042 1444 1083 1506 ad

53 1522 199 1588 infernum
214 1527 330 1609 adigat.
346 1528 403 1592 Sed
417 1527 489 1590 vide
507 1540 692 1610 apparatum
710 1541 739 1586 et
754 1525 879 1608 pondus
898 1528 1086 1593 verborum:

52 1612 144 1690 primo
149 1614 272 1699 fillmen
288 1617 420 1679 advocat
425 1664 436 1694 ,
454 1618 539 1700 quod
558 1615 653 1678 habet
670 1615 851 1676 horrorem:
866 1616 995 1696 deinde,
1016 1642 1085 1683 non

54 1701 188 1783 infensum
202 1709 364 1786 nominat,
378 1707 430 1770 sed
445 1707 575 1782 umbras,
589 1705 674 1788 quod
688 1707 807 1766 tristius
820 1729 827 1766 :
842 1709 948 1784 tertio,
963 1707 1019 1770 has
1032 1731 1085 1792 ge·

54 1791 159 1856 minat:
172 1810 298 1876 quarto,
311 1796 380 1858 illas
392 1795 488 1860 afficit
499 1797 569 1859 diro
581 1795 732 1858 attributo
748 1816 765 1856 a
779 1795 916 1878 pallore,
931 1799 986 1880 qui
998 1801 1086 1862 color

54 1877 82 1936 in
96 1881 240 1944 Manibus
259 1904 324 1946 esse
335 1884 488 1960 creditur,
508 1885 541 1944 in
556 1885 687 1944 mortuis
701 1895 782 1942 certe
798 1895 942 1964 apparet:
956 1887 1086 1966 quinto,
1191 1947 1192 1956 ,

53 1963 150 2028 relictis
164 1970 301 2047 umbris,
313 1968 379 2052 jam
396 1971 477 2032 clare
495 1984 609 2033 noctem
626 1970 734 2052 pouit,
748 1980 778 2028 et
794 1966 875 2032 hanc
891 1972 1086 2056 profitendum

54 2053 181 2120 iudicans
191 2063 313 2124 Tartari
325 2061 572 2145 profunditatem
585 2083 592 2120 ι
612 2072 717 2134 sexto,
728 2057 797 2118 vult
810 2071 845 2118 ut
859 2074 994 2121 exerceat
1008 2067 1042 2123 in
1054 2085 1086 2124 se

53 2135 124 2202 hanc
131 2145 344 2209 carnificinam
353 2150 499 2233 luppiter
506 2149 702 2229 omnipotens,
712 2155 748 2208 ut
762 2143 815 2206 ille
829 2158 927 2206 totam
937 2152 1085 2232 omnipo·

51 2233 1086 2319 tentiamadhibeatinseponienda,sipeccetzseptimo,maluitudi·
1121 2265 1124 2281 ·

52 2334 103 2400 qut,
111 2345 203 2404 quam
214 2326 311 2402 aliud,
323 2328 358 2386 in
370 2346 433 2407 quo
444 2337 488 2388 est
497 2325 602 2388 dirum
612 2323 765 2406 quiddam
775 2335 806 2384 et
814 2320 988 2388 horridum.
995 2327 1083 2408 Vide,

52 2429 122 2488 quos
130 2414 188 2478 sibi
202 2413 317 2477 frenos
329 2416 482 2496 imponat,
497 2434 576 2496 quos
586 2425 735 2490 terrores,
747 2423 782 2471 ut
792 2410 840 2472 vel
849 2413 1085 2480 invitaetiamet'

52 2497 282 2586 nolenapeecare
289 2502 455 2578 desinauet
459 2503 613 2586 pudorem
619 2503 745 2564 'violares
754 2513 865 2563 etnota
872 2504 1085 2588 apostrophen

53 2585 86 2646 ad
94 2589 261 2666 Fuderunt,
270 2593 357 2672 quasi
367 2589 407 2652 ad
416 2592 517 2652 Deum
528 2590 698 2674 pudicitie,
707 2588 781 2649 iude
789 2590 919 2650 verbum
931 2591 1027 2652 molo:
1039 2613 1089 2654 sae

52 2678 183 2740 cracuirn
191 2677 341 2740 dicuntur
349 2677 476 2751 violari3
492 2691 522 2740 et
534 2679 609 2758 quia
617 2675 687 2757 jure
694 2675 783 2751 dixit,
792 2675 865 2736 ideo
877 2678 1085 2758 signatissime

54 2759 193 2826 resolvam.
206 2761 293 2828 Nihil
305 2763 353 2828 his
367 2776 505 2847 quatuor
516 2765 654 2826 versibus
663 2763 727 2823 dici
737 2761 912 2824 absolutius
925 2767 1040 2846 potuit.

85 2859 129 2918 at.
143 2861 243 2936 Dicit,
256 2882 322 2923 nou
336 2880 400 2922 esse
410 2859 476 2942 jan
485 2859 545 2921 sibi
558 2860 715 2940 integrum
726 2869 757 2917 et
764 2855 898 2920 liberum
910 2857 985 2919 dare
996 2859 1085 2921 alteri

51 2963 178 3007 amorem
193 2969 284 3009 suum
296 2971 303 3008 :
315 2950 411 3030 igitur
420 2947 473 3008 ille
485 2947 540 3029 qui
551 2947 673 3028 primm
683 2963 734 3006 me
746 2944 804 3004 sibi
810 2942 915 3025 junxit
923 2945 1083 3028 conjugio,

51 3028 126 3094 idem
136 3054 188 3096 me
206 3035 350 3112 abstulit,
370 3056 438 3096 non
455 3034 633 3116 relinquens
654 3033 759 3094 locum
776 3031 885 3094 alienis
903 3035 1085 3096 amoribus:

51 3135 116 3199 ergo
129 3119 186 3182 hos
198 3120 248 3181 itte
261 3135 364 3196 seruet,
375 3125 448 3183 etin
461 3120 605 3204 sepulcro,
615 3142 655 3181 ne
667 3120 741 3182 iude
754 3119 906 3202 effugiant
916 3143 924 3180 ι
935 3141 1003 3181 non
1013 3121 1085 3182 luor-

51 3221 91 3267 rct
103 3230 189 3272 meus
204 3231 293 3272 amor
306 3213 438 3296 sepulcri
452 3215 588 3290 eineres,
600 3211 676 3274 dum
687 3213 728 3276 sit
741 3231 891 3274 unacum
904 3210 1032 3276 Sichaeo.
1046 3212 1085 3271 ln

51 3303 231 3377 pronomine
242 3299 307 3376 itte,
320 3322 451 3384 agnosce
462 3300 643 3385 emphasin:
658 3301 711 3362 sed
723 3298 901 3384 cunjunxit,
916 3323 982 3362 non
992 3302 1085 3383 junxi

51 3406 110 3465 me,
124 3403 178 3452 aut
191 3391 300 3473 nupsi?
308 3392 535 3454 Verecundiam
544 3391 596 3452 hie
606 3390 981 3472 nonanusiouemquead
992 3395 1083 3474 Spar-

51 3483 149 3536 tanam
160 3477 264 3554 illam,
278 3498 347 3560 quae
355 3495 481 3562 rogata,
495 3501 536 3545 en
545 3499 609 3542 rem
621 3477 777 3539 habuisset
784 3497 856 3537 eum
865 3479 933 3538 viro
945 3499 953 3538 ε
965 3481 1084 3562 Neque·

50 3583 146 3642 quum,
161 3568 402 3649 inquit,scdille
413 3591 537 3631 mecum.
892 3588 908 3632 ¹.

84 3661 132 3722 lo.
144 3666 190 3724 Ex
203 3667 330 3746 ingenio
342 3665 524 3741 mulierum,
539 3683 607 3747 quae
620 3662 763 3748 lacrymis
773 3663 942 3744 imperant,
955 3663 1083 3748 quibus-

50 3771 105 3830 que
116 3754 261 3837 supplent
275 3755 428 3838 quidquid
438 3754 522 3816 deest
535 3754 681 3816 sermoni.
695 3753 886 3836 Exprimitur
895 3755 988 3814 etiam
1000 3775 1087 3816 vere-

51 3838 175 3916 cundia,
186 3863 260 3902 nam
272 3862 342 3928 quae
357 3842 424 3904 haee
437 3845 527 3927 tegit,
539 3843 681 3926 lacrymae
694 3841 845 3902 indicant.

89 3939 135 4002 31.
150 3941 216 4006 Hae
227 3946 369 4008 oratione
384 3943 452 4016 vult
465 3948 556 4008 Anna
570 3944 669 4008 sorori
683 3942 864 4027 persuadere
877 3945 1022 4025 nuptias;
1035 3944 1086 4004 in-
