2644 4614
289 366 341 432 IN
364 367 598 434 AENEIDOS
621 369 713 432 LlB.
738 369 849 434 VllI.
1025 368 1086 436 505

2 513 5 544 ι
45 487 153 548 Thetis
165 487 227 549 filia
238 489 326 549 Nerei
341 511 398 570 pro
411 487 529 548 Achille
541 489 607 548 filio
619 485 750 550 sollicita
762 513 769 548 ε
785 489 868 550 flexit
879 491 1011 563 Aurora,
1023 512 1089 550 non

2 603 5 618 ι
45 576 164 654 conjux
179 589 250 650 tua,
268 577 319 636 sed
332 575 478 652 Tithoni,
498 575 630 636 sollicita
642 577 809 659 etiampro
826 576 893 636 filio
905 578 1089 636 Memnone:

2 707 3 728 ἶ
45 661 90 720 da
100 663 195 742 igitur
204 661 328 744 conjugi
339 677 400 724 tuae
406 709 414 739 ,
428 663 511 746 quod
521 663 659 739 Thetidi,
674 678 703 723 et
713 666 854 738 Aurorae,
869 685 932 722 non
943 667 1003 724 tuis
1016 685 1090 723 con-

2 780 5 814 :
41 750 194 831 jugibus:
214 753 253 812 da
269 774 337 812 meo
353 765 442 826 nato,
462 752 546 834 quod
561 751 688 826 Achilli,
705 767 735 812 et
749 755 910 812 Memnoni
924 755 1090 828 extraneis3

42 841 218 918 praesertim
229 843 261 898 in
280 860 394 922 magno
408 839 564 920 periculo:
580 841 681 920 aspice
696 841 777 920 ipse,
792 853 826 900 ut
840 854 964 914 coeant,
981 841 1092 920 conju-

45 941 198 1007 rentque,
212 949 278 988 non
289 949 389 1003 unus,
402 927 453 988 sed
464 929 567 1010 plures
578 929 688 1010 populi
700 951 706 987 :
722 930 837 1009 aspice,
850 943 885 988 ut
895 930 1000 988 multae
1011 929 1092 988 urbes

2 1048 5 1081 1
34 1014 154 1094 ferrum
171 1029 296 1088 acuant,
316 1030 346 1074 et
365 1015 490 1096 quidem
509 1013 613 1076 clausis
627 1018 731 1096 portis,
752 1029 788 1074 ut
804 1028 877 1076 tutae
894 1018 973 1090 sint,
991 1016 1090 1075 donec

2 1138 5 1173 ξ
43 1116 214 1184 erumpant
223 1105 256 1164 in
267 1119 405 1186 apertam
417 1103 578 1166 audaciam
590 1128 596 1163 :
610 1107 675 1164 istae
686 1125 757 1164 vero
768 1107 862 1166 minae
872 1119 1092 1186 comparantur

2 1257 5 1262 ,
43 1207 156 1252 contra
168 1215 233 1268 me,
248 1207 355 1256 contra
368 1216 468 1271 meos,
484 1195 652 1277 etquidem
667 1193 705 1255 ad
718 1197 855 1255 exitium.
871 1195 991 1276 Aliquis
1005 1208 1092 1276 putet

1 1316 5 1349 τ,
41 1286 134 1362 portis
146 1281 251 1344 clausis
262 1307 325 1345 esse
337 1287 371 1345 in
385 1289 475 1346 tertio
488 1308 576 1361 casu,
593 1285 649 1346 hac
662 1288 811 1345 sententia
824 1309 830 1344 ε
847 1300 962 1345 acuunt
975 1287 1092 1346 moenia

2 1406 6 1440 ἰ
41 1368 161 1428 ferrum
177 1373 284 1431 'eontra
296 1372 412 1434 clausas
423 1369 562 1432 meorum
574 1385 678 1454 portas
687 1394 695 1430 :¹
711 1375 798 1453 quasi
809 1373 905 1432 dicat:
922 1372 1016 1432 clausi
1029 1374 1092 1432 mei

2 1499 5 1533 :
41 1472 132 1531 sunt;
142 1459 226 1539 quod
234 1459 366 1520 habetur
377 1463 408 1520 in
420 1483 506 1521 nono
517 1463 607 1522 libro.
619 1465 726 1521 AEneas
735 1464 818 1520 enim
829 1463 935 1521 abiens
946 1461 983 1520 ad
993 1465 1093 1522 Evan-

2 1593 3 1598 κ
42 1547 138 1605 drum
150 1547 210 1607 hoc
227 1551 387 1630 praecepit:
408 1562 437 1609 et
451 1550 541 1609 urbes
562 1571 669 1609 omnes
684 1551 718 1608 in
737 1566 788 1608 eos
807 1546 1002 1630 conspiiant,
1018 1571 1091 1609 nam

2 1685 3 1696 ,
42 1633 102 1695 tela
113 1651 224 1697 novant
231 1639 323 1698 Atina
328 1651 438 1719 potens,
449 1653 516 1711 etc„
526 1639 608 1718 quod
618 1638 751 1698 habetur
759 1640 791 1697 in
800 1642 930 1720 septimo
937 1639 1091 1698 AEneidos.

2 1767 5 1795 :
81 1727 151 1806 387.
166 1727 376 1786 Cunctabatur
387 1728 543 1787 Vulcanus
556 1727 592 1786 ad
607 1726 700 1786 verba
714 1729 857 1802 Veneris3
873 1727 945 1786 inde
958 1727 1012 1787 illa
1024 1749 1091 1788 non

2 1852 5 1886 3
40 1812 146 1872 verbis
156 1825 316 1883 contenta,
329 1812 493 1894 conjugem
503 1813 586 1873 fovet
596 1813 779 1873 mollissimo
791 1812 990 1874 brachiorum
1005 1835 1090 1874 com·

2 1944 3 1975 3
41 1899 153 1979 plexu3
179 1919 213 1958 ac
230 1913 296 1958 tum
316 1900 369 1958 ille
389 1912 529 1981 repente,
556 1898 621 1959 haec
639 1901 686 1959 vis
710 1912 807 1958 tactus
826 1900 969 1974 feminei,
993 1901 1091 1960 solitis

2 2034 5 2064 z
41 1987 158 2045 amoris
170 1985 302 2046 flammis
314 1991 439 2063 exarsit,
458 2009 526 2068 quae
538 1989 631 2047 etiam
646 2009 713 2048 ossa
726 1990 809 2068 ipsa,
827 2001 857 2047 et
871 1987 1022 2047 medullas
1035 2010 1088 2069 pe-

2 2127 3 2158 3
40 2089 222 2135 netrorunt:
239 2075 366 2156 pulchre
385 2078 534 2158 Virgilius
551 2077 589 2136 de
601 2079 667 2136 Deo
680 2079 777 2156 ignis,
796 2075 1090 2158 solitamstammam,

2 2219 4 2228 ,
40 2174 130 2221 notus
147 2160 250 2220 calor:
272 2163 345 2222 inde
359 2165 443 2222 enim
456 2164 507 2222 ille
521 2163 649 2243 fingitur
661 2161 775 2242 conjux
790 2165 933 2236 Veneris,
956 2166 1028 2242 quia
1040 2185 1087 2222 res

40 2246 138 2327 hujus
151 2248 252 2306 calore
267 2251 454 2323 consistunt,
473 2251 516 2308 ait
532 2250 672 2321 Servius3
692 2261 762 2306 suut
778 2269 846 2308 ossa
868 2245 1025 2330 labefmta,
1043 2263 1089 2308 ta·

42 2335 121 2397 bida
134 2356 197 2416 prae
210 2357 332 2412 amore,
347 2350 376 2394 et
389 2337 564 2416 liquefacta.

85 2428 153 2503 39¹·
175 2422 286 2482 Vidisti
307 2423 345 2484 ad
365 2440 486 2505 ruptam
509 2426 622 2485 nubem
643 2427 760 2484 tonitru
784 2425 943 2484 flammam
962 2427 1086 2486 nimbos

2 2513 3 2516 ’
39 2523 292 2597 percurrentem
308 2512 400 2571 talem
414 2512 495 2592 finge
508 2511 591 2571 hunc
605 2533 773 2571 successum
787 2535 792 2568 ε
810 2511 955 2572 horridus
968 2529 997 2572 et
1012 2515 1087 2574 Vul-

2 2627 3 2630 ’
41 2620 156 2672 canus,
173 2611 204 2657 et
218 2597 313 2658 instar
325 2598 529 2680 superciliosae
542 2619 576 2658 ac
593 2595 745 2658 nimbosae
758 2601 946 2680 tempestatis
960 2600 1023 2681 ipse
1037 2622 1086 2660 su-

2 2707 3 2710 ’
41 2688 241 2772 perciliosus,
261 2704 291 2748 et
310 2687 443 2748 ferreus:
470 2689 594 2748 accessit
612 2687 742 2747 affectus
760 2691 906 2762 Veneris,
927 2711 961 2748 ac
980 2692 1085 2749 statim

41 2780 130 2859 rupit
146 2798 207 2836 sese
224 2799 320 2858 usque
337 2777 375 2838 ad
389 2797 454 2838 ossa
467 2775 579 2837 horror
595 2777 647 2836 ille
661 2776 809 2849 Vulcani3
829 2791 859 2835 et
872 2779 983 2837 amoris
998 2777 1086 2838 ilam-

43 2889 105 2928 mae
120 2869 321 2927 emicuerunt.

36 3029 178 3098 relinquat
191 3029 316 3102 intelligi,
334 3049 368 3083 ne
384 3029 454 3082 foede
469 3029 542 3101 apud
613 3028 673 3082 388.
682 3030 850 3080 Cunctantem
856 3026 973 3086 ;scilicet
981 3025 1014 3078 de
1022 3045 1085 3097 pro·
1168 3061 1170 3066 ·

2 3167 3 3174 χ
42 3110 169 3162 maritum
189 3122 216 3161 et
236 3127 353 3162 amorem
374 3128 451 3162 suum
471 3112 543 3162 circa
586 3109 730 3172 missione,
755 3125 834 3177 quam
860 3124 908 3176 per
935 3103 1085 3175 amplexum

40 3188 186 3242 Anchisem
201 3202 329 3241 memoret
346 3202 372 3242 et
389 3202 542 3260 susceptum
586 3204 663 3239 suum
675 3187 792 3238 immisso
805 3202 896 3236 amore
908 3183 1041 3254 persolvit.
1056 3187 1083 3238 S.

41 3269 77 3320 de
90 3266 222 3320 adulterio
234 3267 325 3322 lilium.
338 3270 450 3322 Seru-
461 3270 543 3320 Gene-
622 3265 682 3334 389.
701 3264 808 3335 Accepit
820 3262 922 3314 solitam
930 3263 1082 3339 flammam.

40 3349 95 3398 trix
112 3359 182 3398 nato.
199 3350 329 3417 Majorem
345 3351 542 3402 miserationem
586 3346 636 3397 Vel
652 3348 729 3416 quasi
741 3347 866 3408 maritus,
885 3344 927 3396 vel
944 3343 1037 3395 alludit
1050 3346 1084 3398 ad

40 3439 134 3480 movet
143 3427 294 3479 nominibus
302 3429 541 3492 necessitudinum,
586 3443 641 3478 rem
652 3423 816 3478 naturalem:
830 3421 1013 3492 nemque-ideo
1022 3425 1084 3475 Vul-

40 3509 540 3580 qnammuvissetnominihuspropriit.
587 3521 669 3558 canus
691 3504 801 3568 maritus
826 3501 932 3572 lingitur
958 3503 1084 3569 Veneris,

78 3585 140 3637 386.
151 3588 184 3636 In
194 3605 242 3637 me.
253 3585 401 3639 Artificiosa
412 3607 486 3640 arma
498 3608 542 3658 pe-
587 3583 660 3653 quod
672 3587 821 3634 Venereum
835 3579 952 3632 officium
964 3599 1018 3632 non
1033 3585 1085 3636 nisi

39 3669 73 3718 tit
87 3665 168 3716 etiam
180 3664 231 3714 sibi
242 3666 398 3734 profuturas
411 3669 462 3718 nisi
471 3670 541 3719 enim
586 3665 675 3716 calore
687 3664 815 3716 consistit.
835 3661 912 3714 Unde
929 3675 982 3729 est,
1004 3665 1083 3718 uFri-

2 3733 3 3760 l
38 3743 539 3806 subvenis,iterumvulnerabor:nam
584 3745 662 3816 gidus
676 3747 703 3795 in
715 3745 844 3795 Venerem
857 3744 1083 3796 senior.»-La-

2 3817 3 3836 ³
37 3847 56 3878 a
74 3823 174 3876 Graecis
192 3823 278 3874 luerat
295 3821 451 3874 vulnerata:
469 3823 540 3876 unde
584 3824 683 3894 besueta
699 3841 747 3895 per
764 3841 817 3875 ossa
835 3823 953 3874 cucurrit.
975 3822 1001 3874 Si
1021 3844 1082 3878 ossa

2 3893 4 3920 ³
37 3918 96 3969 est,
113 3925 124 3947 u
135 3900 350 3971 equidemcredo
363 3921 420 3952 mea
430 3903 540 3955 vulnera
583 3901 723 3965 labefecit,
736 3914 836 3972 quanto
849 3903 932 3974 magis
947 3903 1082 3955 animum?

2 3983 3 3988 ’
35 3993 175 4038 ποεῐαηῑ.κ
192 3981 539 4052 »Iumelunxitperso-
619 3981 677 4052 392.
690 3985 772 4055 lynea
782 3983 848 4034 rima
859 3982 964 4034 micans.
984 3982 1014 4033 ld
1027 3997 1080 4050 est,

1 4054 5 4084 ³
35 4080 105 4122 nam
116 4078 204 4128 snam,
214 4073 244 4114 ut
255 4063 338 4133 magis
347 4075 471 4116 moveret.
486 4063 518 4114 D.
583 4063 699 4128 fulmen,
712 4064 786 4132 cujus
797 4075 921 4116 naturam
932 4064 1060 4131 expressit
1071 4085 1078 4116 :
