2646 4606
248 341 310 408 388
573 336 953 404 COMMENTARIA

266 491 269 500 =
285 459 352 538 546.
366 461 394 537 1,
406 459 524 543 inquit,
536 479 556 520 o
566 458 674 536 dines,
688 457 782 518 decus
792 458 921 540 Trojani
932 463 1089 538 nominis,
1104 477 1201 546 atque
1210 479 1276 526 utere

236 555 311 637 fotis
322 548 499 628 melioribus,
519 567 613 630 quam
631 567 688 629 ego
706 569 778 608 usus
793 568 880 624 sum,
900 570 994 632 quam
1011 549 1143 632 Trojaui
1160 574 1273 614 omnes:

243 642 311 704 haec
319 661 417 724 quum
424 638 640 720 dixisset,ipso
649 639 681 698 in
688 636 772 697 verbo
780 641 987 721 torsitvestiqia.
996 640 1274 724 Modusloqueodi,

242 730 383 790 etsubita
392 728 544 790 sermonis
554 725 701 807 abruptio
711 724 974 800 indicat,etiamsi
983 726 1136 790 voluisset
1144 729 1273 813 Deipho-

241 815 316 894 hus,
336 837 401 878 uon
419 816 555 898 potuisse
576 829 679 874 tamen
700 812 792 896 plura
812 811 921 895 loqui:
944 835 1013 896 quae
1031 819 1117 878 enim
1136 816 1275 878 hactenus

240 907 359 968 dixerat
369 950 378 982 ,
390 904 580 966 concedente
591 902 658 962 fato
668 900 805 964 dixerat:
821 899 924 962 simile
937 901 1016 976 illud
1028 925 1125 988 supra
1137 906 1179 966 ad
1189 905 1274 966 Dido·

240 1016 328 1071 nem,
341 993 588 1075 extremumfato,
600 989 679 1072 quod
690 1005 714 1051 te
726 988 873 1072 alloquor,
889 989 943 1052 iroc
954 1005 1003 1052 est.

259 1137 262 1144 .
283 1082 351 1160 548.
372 1084 462 1142 Latet
479 1078 531 1140 hic
549 1080 745 1140 concinnitas
763 1078 924 1160 quoedam,
947 1101 1043 1162 quam
1059 1102 1119 1162 ego
1139 1083 1213 1141 satis
1230 1100 1277 1140 ne·

237 1194 319 1257 queo
328 1173 495 1255 explicare3
509 1167 560 1230 sed
571 1167 624 1228 illa
635 1187 685 1228 me
695 1183 882 1230 commovet.
893 1168 1078 1252 Deiphobus
1088 1169 1194 1232 subito
1205 1173 1275 1231 torsit

236 1263 374 1344 restiqiu:
388 1261 500 1320 AEueas
512 1255 606 1318 subito
621 1257 751 1338 respt'eit:
767 1255 849 1317 frunt
859 1259 967 1318 omnia
980 1273 1101 1340 puncto
1115 1259 1275 1340 temporis,

236 1349 395 1412 itafatalia
403 1349 488 1410 suut!
500 1367 600 1429 neque
607 1346 660 1406 ille
669 1359 771 1427 potest
777 1345 867 1428 plura
878 1346 981 1429 loqui,
991 1368 1095 1431 neque
1102 1347 1157 1409 hic
1167 1346 1276 1408 abeun

235 1452 300 1500 tem
308 1438 472 1522 prosequi,
484 1435 562 1496 adeo
573 1456 630 1496 nec
640 1437 770 1511 intueri,
779 1435 833 1496 sed
845 1435 884 1495 ab
895 1437 997 1497 emico
1007 1436 1149 1496 divulsus
1157 1437 1277 1517 cogitur

234 1529 355 1588 Tartari
367 1523 584 1588 carnificinam
596 1537 741 1605 spectare.
763 1526 831 1586 Hoc
842 1522 969 1601 habito,
984 1526 1167 1602 considera,
1182 1527 1275 1585 immo

235 1613 431 1698 obstupesce,
443 1635 506 1696 qua
516 1615 639 1673 ratione
648 1612 807 1674 describat
815 1615 978 1673 munimen
987 1615 1127 1690 Tartari,
1142 1613 1198 1690 ubi
1207 1626 1276 1672 suut

233 1705 338 1777 noxii3
352 1704 512 1784 inprimis,
525 1699 601 1760 videt
614 1703 722 1760 moenr'a
734 1698 808 1774 tata,
828 1700 866 1760 ad
880 1702 1103 1783 explicandum
1117 1701 1275 1762 infinitum

232 1811 323 1872 paene
332 1790 514 1850 nocentium
524 1790 771 1869 numerum,qui
782 1790 887 1872 capaci
897 1787 967 1850 loco
978 1793 1195 1850 continentur:
1206 1810 1278 1848 moen

233 1881 288 1938 nia
303 1881 365 1938 iste
389 1891 461 1939 sunt
476 1876 657 1938 circumdata
679 1898 779 1951 muro,
800 1899 865 1938 non
883 1899 965 1955 uno,
991 1893 1046 1939 aut
1062 1879 1201 1960 duplici,
1225 1877 1274 1938 sed

233 1963 348 2047 triplici.
363 1967 440 2043 Quis
452 1963 526 2026 inde
538 1964 660 2024 exitus?
671 1965 788 2024 Moenia
800 1967 876 2041 ista,
889 1963 1053 2048 Phleqeton
1063 1965 1169 2038 ambit,
1185 1969 1277 2024 amnis

234 2057 403 2130 Tartareus,
416 2075 481 2115 non
492 2055 591 2134 aquis,
602 2052 655 2112 sed
655 2053 790 2136 flammis
801 2053 986 2116 torrentibus:
999 2053 1071 2115 ideo
1081 2052 1277 2136 Phleqethon,

234 2143 462 2230 quiaflummis:
479 2142 549 2203 ideo
568 2144 678 2216 amnis,
693 2143 768 2223 quia
779 2142 889 2218 ambit,
905 2144 1007 2202 amnis
1023 2144 1143 2226 quippe
1159 2141 1200 2202 ab
1217 2163 1267 2201 am

232 2233 348 2294 biendo
365 2231 485 2294 dictus:
507 2229 578 2292 ideo
598 2230 731 2313 rapidus,
753 2233 828 2313 quia
847 2253 919 2293 cum
937 2231 1072 2292 flammis
1089 2229 1277 2302 torrentibus,

232 2323 333 2382 inerat
351 2325 384 2381 in
400 2320 462 2382 hoc
482 2321 611 2387 flumine
628 2317 821 2380 incredibilis
842 2321 1004 2402 strepituS,
1024 2340 1090 2380 non
1107 2341 1126 2378 a
1144 2318 1279 2378 flammis

233 2409 334 2470 solum
344 2406 584 2491 crepitantibus,
594 2407 648 2468 sed
659 2410 733 2490 quia
741 2429 846 2469 secum
858 2421 968 2490 torquet
975 2408 1200 2486 convolvitque
1208 2425 1278 2465 saxu

231 2499 377 2557 sonantia.
389 2498 466 2572 Quae
478 2498 538 2557 ista
550 2495 687 2578 species?
699 2510 737 2558 ut
748 2510 891 2578 strepunt
903 2517 1005 2570 aures,
1020 2509 1057 2554 ut
1069 2509 1204 2576 ¹terretur
1216 2495 1267 2552 ani

231 2604 301 2644 mus
312 2584 368 2658 tali
382 2585 594 2665 flammarum,
606 2605 750 2644 saxorum
760 2599 791 2646 et
803 2586 979 2645 carminum
991 2583 1132 2664 fragore!
1147 2580 1203 2642 sed
1214 2601 1276 2640 non

232 2667 298 2734 haec
308 2672 347 2732 ad
356 2672 505 2750 terrorem
517 2674 600 2750 satis.
615 2675 690 2734 Erat
702 2671 751 2732 his
764 2671 924 2734 moenibus
933 2685 1034 2754 portu3
1046 2669 1100 2732 sed
1112 2691 1149 2730 ea
1163 2668 1278 2752 inqensk

130 2834 132 2839 Ι
233 2775 263 2820 et
273 2762 355 2820 circa
364 2759 451 2822 illam
460 2759 604 2823 columne
614 2760 702 2822 factae
712 2781 749 2822 ex
760 2761 931 2836 adamante,
943 2762 1021 2821 adeo
1030 2757 1125 2818 solido
1133 2753 1280 2832 ,utnulla

232 2851 275 2908 cis
286 2852 397 2924 vinem,
416 2871 478 2912 non
495 2853 550 2933 ipsi
564 2847 700 2912 coeiicolae
715 2849 919 2933 vekantferro
933 2847 1115 2910 exscindere:
1135 2866 1212 2905 nam
1227 2845 1279 2925 qui

232 2937 315 3010 ferro
334 2941 548 3010 exscinderent
565 2939 732 3000 adamante
750 2939 922 3000 firmiorem
938 2935 1124 2999 materiam?
1141 2933 1278 3016 vulgaris

233 3040 341 3108 poete,
360 3025 441 3100 nihil
456 3029 612 3108 cogitans,
632 3026 762 3104 diceret,
781 3028 943 3090 columnas
961 3046 1024 3088 esse
1043 3047 1081 3086 ex
1099 3024 1204 3100 ferro;
1225 3041 1278 3080 nec

232 3135 322 3196 posse
335 3114 473 3174 exscindi
487 3115 671 3191 adamante,
686 3132 795 3178 contra
811 3130 955 3183 naturam
966 3135 1082 3176 rerum.
1099 3115 1171 3171 Non
1185 3112 1234 3170 sic
1248 3111 1278 3166 in

231 3201 376 3276 Marone,
389 3220 455 3260 non
467 3201 527 3260 sic!
540 3206 699 3282 praecessit
712 3204 854 3280 adamas,
867 3206 900 3264 in
913 3223 1005 3286 quem
1016 3199 1099 3268 nihil
1108 3199 1210 3258 faciet
1221 3197 1278 3256 fer-

231 3343 278 3402 rus
288 3343 387 3378 sumus.
398 3349 410 3374 n
424 3326 489 3394 Qute
501 3325 609 3398 quidem
623 3343 731 3382 senteu-
774 3330 827 3384 hoc
841 3329 974 3395 indicare,
991 3325 1055 3379 dum
1068 3323 1186 3396 Explere
1199 3325 1278 3375 iuter·

232 3405 270 3456 tia
285 3405 480 3457 Nascimbaenio
498 3405 609 3477 aliisque
628 3407 731 3479 simpli·
775 3401 1279 3480 pretatur,tantuiuns’mttwtaetio·

233 3483 339 3538 cissima
352 3497 378 3536 et
389 3483 527 3538 verissime
535 3484 680 3554 judicetur.
695 3489 731 3538 At
773 3506 834 3540 rum
842 3489 983 3559 opiniones
990 3483 1052 3538 ride
1060 3481 1137 3554 apud
1143 3482 1220 3534 Serv.
1230 3479 1278 3532 Sed

233 3559 337 3612 Servius
345 3565 423 3616 etiam
432 3565 552 3618 illeDan.
563 3577 589 3618 et
598 3563 693 3635 Caper.
704 3577 731 3618 et
775 3580 802 3620 et
813 3565 966 3619 Macrobius
977 3565 997 3629 1,
1008 3563 1049 3628 13,
1060 3561 1095 3614 de
1105 3561 1201 3613 Somn.
1210 3562 1276 3627 Seip·

232 3639 260 3690 P.
283 3641 367 3692 Laetus
387 3643 486 3715 aliique
507 3659 656 3718 exponunt;
674 3647 728 3697 Mi·
773 3645 906 3697 subtiiiter
920 3642 1008 3696 dehis
1024 3639 1165 3711 disputat:
1182 3653 1211 3688 er
1224 3638 1277 3686 hee

232 3733 434 3772 nuamvestrurn
443 3742 598 3786 numerum
608 3737 638 3776 ut
648 3725 729 3776 scite
769 3725 833 3795 ipsu
844 3735 929 3794 poetae
941 3720 1022 3773 verba
1034 3717 1128 3770 laudat
1140 3735 1147 3765 ε
1161 3732 1223 3784 quae
1232 3715 1278 3764 Be·

233 3793 317 3844 tribus
327 3814 374 3844 *οἱ
383 3799 437 3852 duo
448 3813 551 3857 tentum
558 3805 726 3855 remaneatis.
772 3801 867 3853 rooldo
883 3813 910 3852 et
927 3790 1108 3862 alii⁸q¹1¹d0m
1122 3791 1206 3844 'alde'
1221 3791 1277 3863 1³¹³·

231 3871 346 3928 Ennius:
361 3872 499 3924 «Navibus
507 3883 648 3947 explebunt
656 3901 726 3942 sese,
772 3887 846 3939 cent,
857 3873 915 3925 otiis
929 3885 1015 3924 tamen
1026 3890 1082 3923 nou
1091 3873 1167 3924 item.
1179 3871 1277 3924 Videa-

231 3951 529 4040 tetrasquereptehanr.
541 3979 552 4002 n
566 3957 598 4006 Et
611 3944 726 4010 uotat'P.
772 3968 815 4006 tur
831 3965 857 4006 et
867 3951 961 4004 Cetius
973 3951 1060 4038 XXII,
1076 3969 1109 4022 9,
1123 3953 1192 4004 item
1209 3953 1276 4006 Nu·

230 4027 412 4100 Mys-Ulssibld·
429 4028 593 4088 Glossarium
606 4034 728 4088 Fornerii
772 4033 851 4088 oimb.
864 4031 972 4086 Tuubm.
1025 4063 1028 4068 -
