2670 4596
422 279 760 364 orsourstmo.
1059 285 1110 374 xxj

62 401 172 492 diue,
182 402 312 476 forsan
322 428 388 474 nec
398 407 586 500 proposito
597 418 832 500 argumento,
845 428 912 474 nee
922 402 1116 476 observatis

63 544 312 615 personarum
322 519 580 606 moribus‚nec
588 518 701 589 divisa
711 522 829 616 operis
837 523 1019 609 serie,nec
1029 547 1115 618 prae·

65 631 1117 733 paratisetusqueadfinem,idest,nodisolutionem,apte
1165 683 1168 688 -

67 753 254 846 suspensis
270 749 484 821 auditorum
500 748 639 820 studiis.
668 749 919 838 Quamobrem
940 775 1033 846 opus
1048 749 1119 822 fuit

67 868 254 960 praestanti
268 863 394 962 aliquo
411 865 638 960 minimeque
657 862 800 960 vulgari
822 867 990 962 ingenio,
1015 866 1118 962 quod

67 981 229 1074 primam
247 977 410 1051 inchoati
426 977 561 1049 laboris
579 975 737 1048 formam
754 977 800 1046 ad
820 1003 982 1075 unguem
999 977 1119 1050 absol·

66 1108 186 1162 veret:
217 1092 325 1189 cujus
346 1117 432 1189 ope,
458 1095 593 1164 caeteris
616 1114 703 1161 vero
727 1115 810 1187 quae
833 1106 938 1161 antea
958 1091 1117 1164 diximus

71 1209 261 1303 principiis
275 1206 400 1304 adjuta
415 1223 450 1277 et
468 1210 571 1304 quasi
587 1204 758 1294 suffulta,
780 1205 927 1276 tandem
947 1210 1024 1303 ipsa
1039 1233 1120 1278 sur-

73 1324 164 1390 rexit
177 1347 342 1419 epopoea.

121 1432 322 1533 Plusquam
343 1433 509 1507 humana
528 1433 599 1506 fuit
621 1434 684 1506 illa
705 1460 826 1524 mens,
853 1459 936 1532 quae
955 1434 1033 1532 jam
1055 1435 1121 1506 diu

74 1549 361 1646 parturientibus
373 1550 511 1622 saeculis
528 1549 667 1649 aliquid
679 1575 876 1648 magnum,
893 1547 992 1620 velut
1008 1553 1123 1647 perita

73 1663 245 1760 quaedam
267 1663 462 1754 obstetrix,
490 1663 625 1750 adfuit,
660 1663 730 1736 alte
750 1663 884 1736 seilicet
902 1665 1123 1763 investigatis

74 1773 275 1848 hominum
284 1776 1119 1876 affectibus,perspectoetfelieiterdeprehenso

75 1891 166 1988 quid
175 1889 1009 1990 humanasocietasdesideraret,directisquein
1020 1894 1123 1970 hunc

75 2004 191 2076 finem
210 2005 421 2096 conatibus,
446 2024 487 2078 ut
507 2033 636 2079 eorum
655 2012 719 2106 qui
739 2025 813 2082 arte
832 2005 997 2080 humana
1016 2014 1125 2084 ineu-

76 2118 187 2192 bante
211 2137 247 2192 et
271 2127 375 2219 quasi
397 2121 543 2194 fovente
565 2123 613 2193 ad
641 2122 760 2194 lucem
785 2119 929 2194 excludi
952 2143 1124 2221 possunt,

76 2239 394 2334 praestantissimus
409 2235 503 2310 letus
522 2254 740 2308 nasceretur.
758 2239 928 2330 Quantus
948 2236 1008 2308 ille
1022 2244 1126 2340 vigor

77 2354 215 2450 ingenii
226 2349 321 2423 illud
331 2377 424 2456 opus
434 2349 620 2449 amplecti,
631 2368 665 2422 et
680 2352 1007 2449 comprehendere,
1020 2370 1054 2424 et
1066 2381 1125 2426 ex·

78 2464 215 2564 plicare
226 2465 365 2563 potuit!
384 2492 548 2565 quonam
563 2465 735 2538 flammeo
749 2470 877 2563 spiritu
894 2471 966 2538 vita
982 2486 1125 2540 motus-

80 2605 151 2678 que
170 2597 258 2652 sunt
278 2585 379 2678 operi
400 2579 653 2679 superaddita!
683 2579 785 2652 haud
807 2580 928 2653 hercle
941 2581 1072 2672 aliter,
1097 2589 1126 2655 si

80 2695 217 2768 Ovidio
238 2711 273 2765 et
295 2693 572 2795 mythographis
593 2694 770 2782 creditur,
796 2693 886 2800 olim
908 2693 1072 2766 deforme
1094 2713 1128 2768 et

80 2806 423 2908 indigestumchaos
431 2813 568 2880 summi
578 2808 798 2880 ordinatoris
808 2831 920 2877 manu
930 2807 1126 2906 indigebat,

82 2949 200 3022 quum
210 2921 335 2994 adhuc
345 2928 459 2996 maria
471 2941 505 2995 et
517 2926 654 3021 campi,
667 2936 809 2994 montes
821 2920 1017 3020 sylvaeque,
1031 2927 1126 3022 ignei

82 3038 246 3110 siderum
261 3037 384 3127 orbes,
399 3041 524 3110 omnia
539 3052 708 3136 congesta
722 3051 756 3106 et
771 3039 806 3105 in
821 3062 889 3106 uno
903 3041 1037 3134 purqite
1049 3064 1128 3110 eon·

75 3153 160 3250 susa
183 3151 381 3249 torpebant,
408 3177 477 3223 non
497 3142 579 3222 belte
591 3154 796 3250 junctarum
817 3149 984 3222 discordia
1002 3157 1130 3222 semina

86 3292 210 3337 retum.
241 3269 335 3360 Quae
360 3282 480 3338 tamen
506 3263 706 3362 separanda
730 3279 874 3334 tantum
898 3260 1070 3353 fuerunt,
1096 3282 1130 3337 et

86 3406 152 3452 sua
172 3385 308 3479 cuique
327 3379 466 3469 forma,
488 3397 629 3468 motus,
651 3377 754 3450 color
768 3376 1002 3478 tribuendus;
1026 3378 1129 3454 locus

86 3497 265 3594 denique,
285 3500 417 3594 inquo
440 3511 574 3586 starent
593 3510 657 3568 aut
675 3507 925 3582 moverentur,
946 3495 984 3562 in
1004 3519 1130 3594 perpe·

85 3629 195 3684 tuum
210 3611 475 3710 designandum
490 3607 581 3680 banc
596 3610 705 3692 Deus,
723 3620 755 3676 et
766 3603 888 3676 melior
901 3604 992 3680 litem
1004 3626 1129 3683 natura

3 3765 5 3780 ,
87 3726 233 3796 diremit.
252 3725 366 3818 Quod
380 3729 444 3822 qui
461 3723 589 3796 caelesti
607 3722 825 3820 cogitatione
837 3737 872 3790 et
886 3726 1131 3820 omnipotenti

87 3838 363 3940 manuperleeit
376 3843 519 3939 ingens,
535 3839 833 3937 quamvisparata
842 3841 1006 3926 materia,
1022 3862 1131 3934 opus,

3 4015 4 4066 4
71 3951 151 4028 'itte
163 3957 249 4055 jure
267 3956 502 4045 immortalis,
524 3959 728 4054 meritoque
742 3954 839 4026 Deus
855 3949 1045 4029 habendus
1061 3971 1130 4045 est,
