2670 4596
228 277 300 341 xxiv
459 331 463 340 .
497 275 562 338 DE
586 273 822 340 GARMINE
845 273 1002 339 EPlGO

227 426 314 471 meu
324 423 465 486 rerum;
482 414 515 468 et
524 413 621 468 recto
632 423 742 469 cursu
753 397 940 496 semperad
946 411 1105 468 eventum
1106 398 1274 494 festinat:
1332 491 1333 496 ἵ

226 531 290 586 aut
307 517 336 584 si
351 512 484 610 quibus
500 516 594 582 inter'
607 511 773 582 eundum
787 510 1009 582 diverticulis
1022 512 1273 609 episodiorum

227 630 414 700 immorari
425 625 619 724 placuerit,
632 625 776 696 attende
787 623 983 722 paululum
993 655 1002 714 ;
1014 643 1111 696 certo
1122 681 1131 713 ,
1144 653 1273 725 quam·

227 746 280 813 vis
293 740 435 829 latenti,
454 740 567 811 ductu
581 765 668 810 mox
680 743 718 808 in
731 743 828 810 viam
840 765 944 810 suam
960 740 1180 838 regreditur:
1199 745 1275 838 ipse

229 856 386 954 denique
397 858 514 952 operis
527 851 610 923 linis
623 878 734 950 quam
747 857 885 952 egregie
897 870 1136 950 praeparatus,
1153 881 1275 953 quan-

229 969 294 1040 diu
309 973 400 1039 mira
417 992 611 1065 suspensus
624 982 717 1068 arte,
744 983 797 1056 et,
824 967 993 1038 dicamne
1005 968 1198 1067 gradibus,
1226 996 1274 1040 an

228 1084 355 1156 leniter
369 1081 502 1153 inllexo
515 1099 549 1152 et
562 1069 756 1179 nunquam
771 1085 975 1180 interrupto
988 1083 1084 1155 clivo
1095 1083 1274 1181 paulatim

229 1199 416 1285 admotus,
441 1193 599 1295 perfecto
623 1195 783 1266 demum
801 1211 835 1266 et
854 1195 932 1294 jam
954 1200 1094 1296 integro
1118 1201 1273 1270 carmini

228 1328 465 1411 exspectatam
482 1315 640 1408 imponit
653 1307 882 1384 coronidem!
902 1311 994 1382 Sane
1010 1315 1120 1382 unius
1135 1310 1274 1382 volun-

228 1445 300 1500 tate
310 1417 621 1524 compositum'est
634 1449 745 1522 opus,
759 1428 819 1494 cui
830 1428 858 1496 si
872 1423 992 1522 plures
1004 1426 1274 1514 incubuissent,

229 1545 470 1615 necessarium
494 1544 648 1627 vitium,
677 1538 858 1610 discordia
880 1544 1039 1638 partium
1062 1536 1273 1628 inhaereret,

228 1669 478 1756 coagmentata
506 1657 640 1751 passim
673 1637 879 1724 dehisceret
899 1647 1081 1743 narratio,
1116 1671 1150 1726 et
1178 1654 1275 1725 male

229 1776 330 1844 sartis
346 1767 649 1866 descriptionibus
659 1794 752 1866 saepe
761 1794 920 1840 vacuum
932 1767 1109 1866 quiddam
1121 1768 1276 1839 interlu-

230 1891 334 1956 ceret.
346 1884 469 1990 ,Cujus
482 1880 601 1954 morbi
614 1908 763 1980 prorsus
775 1908 898 1980 expers
911 1881 1010 1970 llias,
1023 1887 1162 1982 egregie
1174 1887 1276 1954 insti-

230 2017 353 2071 tutum
376 2014 632 2096 servatumque
654 2022 778 2074 rerum
801 1995 968 2068 ordinem
992 1998 1130 2096 ubique
1154 2023 1276 2096 quum

231 2114 418 2202 exhibeat,
439 2113 530 2210 quid
546 2108 653 2206 'restat
669 2115 888 2209 quominus,
906 2127 948 2184 ut
962 2112 1100 2210 oppido
1114 2139 1190 2184 una
1204 2128 1276 2198 est,
1332 2103 1333 2106 ¹

229 2234 296 2301 uni
313 2253 461 2328 quoque
477 2229 617 2298 auctori
634 2222 829 2296 tribuenda
844 2249 918 2296 esse
935 2223 1121 2298 videatur?

588 2401 590 2408 '
636 2394 690 2462 De
708 2394 866 2490 Odyssea.

278 2559 332 2626 De
348 2554 506 2652 Odyssea
523 2553 671 2625 fortasse
686 2558 809 2626 minus
826 2554 960 2654 liquett
983 2555 1277 2628 commendabile

229 2688 264 2744 et
277 2671 350 2744 hoc
364 2690 530 2755 carmen,
547 2669 609 2739 sed
627 2669 673 2740 ab
685 2668 798 2741 altero
812 2675 969 2741 maxime
984 2670 1190 2759 diversum,
1208 2697 1276 2742 nec
1332 2663 1333 2666 ¹

231 2804 306 2858 tam
314 2779 613 2884 potentisingeuii
621 2799 708 2854 nota
716 2780 911 2882 signatum,
920 2811 1038 2882 quum
1046 2799 1164 2856 tamen
1176 2784 1277 2855 idem

231 2905 277 2972 sit
299 2905 338 2969 in
361 2916 519 2997 utroque
539 2914 644 2969 tenor
661 2898 816 2996 eloquii,
844 2915 880 2969 et
900 2903 1031 2996 pariter
1052 2899 1097 2970 de
1117 2913 1279 2997 utroque

233 3017 463 3086 consentiant
474 3037 602 3082 omnes
614 3015 837 3109 antiquitatis
852 3029 1035 3104 auctores,
1054 3039 1120 3084 nec
1134 3016 1218 3084 satis
1234 3017 1280 3084 sit

232 3128 465 3202 fundamenti
490 3125 536 3196 ad
562 3119 849 3222 disputandum,
877 3126 942 3198 nbi
966 3128 1011 3198 de
1035 3125 1130 3198 facto
1157 3132 1281 3226 agitur
1332 3201 1333 3204 ,

232 3243 334 3344 quod
355 3245 541 3313 unanimis
560 3244 704 3310 testium
726 3267 921 3312 consensus
942 3240 1089 3340 probat;
1110 3246 1281 3339 sequitur
1332 3251 1333 3312 l

232 3377 275 3432 ut
296 3361 459 3430 Homero
478 3359 551 3426 sint
567 3355 747 3426 asserendi
764 3355 874 3427 ambo
893 3359 949 3426 sui
968 3359 1207 3454 cognomines
1229 3354 1278 3426 fe
1332 3401 1333 3436 ᾗ

234 3493 310 3562 tus;
328 3497 445 3571 eoque
457 3470 539 3568 plus
551 3470 788 3542 admirandus
800 3488 914 3560 vates,
931 3475 996 3569 qui
1009 3471 1084 3541 duo
1099 3485 1174 3540 tam
1188 3496 1280 3566 prae
1332 3485 1333 3550 ἒ

235 3587 354 3673 clara,
384 3589 549 3682 quamvis
573 3583 758 3682 inaequalis
782 3583 1005 3672 altitudinis,
1033 3601 1283 3656 monumenta

234 3725 332 3776 unus
351 3694 508 3769 erexerit.
530 3695 584 3771 De
604 3699 675 3770 illis
698 3714 819 3770 autem
839 3703 904 3798 qui
925 3701 1130 3771 Homerum
1151 3702 1281 3796 ipsum
1332 3791 1333 3794 Ἴ

234 3818 404 3888 exstitisse
422 3830 570 3910 negant,
593 3839 669 3884 non
693 3801 806 3911 magis
825 3812 1280 3912 laborandumuexistimo,

234 3954 347 4031 quam
361 3928 407 4000 de
422 3931 539 4016 caecis,
553 3933 617 4026 qui
633 3947 806 4028 negarent
819 3929 950 4002 Solem.
