2692 4594
213 271 219 318 ⁸
314 281 907 368 rueueinosmn.11'1.‘
1038 335 1100 404 ¹79

51 444 154 500 trum,
170 433 202 482 et
212 420 406 484 Dardanum.
421 421 475 482 Est
492 419 544 482 bic
555 421 686 504 pulchra
705 423 878 501 antithesis;
895 447 969 490 uam
982 441 1102 494 utrum·-

52 534 111 594 que
122 525 153 574 et
164 509 278 596 prolem
286 511 455 592 et'parentes
466 511 624 573 nominat:
637 511 689 571 ille
697 513 799 594 proles
810 513 916 591 Cretae,
928 514 980 581 hic
990 518 1102 600 ltaliae3

52 615 81 662 et
95 615 228 682 uterque
241 614 346 661 tamen
360 619 471 680 parens
481 597 593 678 Trojae.
605 601 677 662 Non
689 602 793 663 minus
808 599 939 682 pulchra
959 618 1004 668 est
1022 615 1103 673 anti·

52 690 145 752 thesis
158 693 194 750 in
203 711 294 752 versu
306 689 458 770 sequenti,
471 709 564 749 ertum
571 709 659 765 nouo,
672 687 800 751 locorum
811 706 935 754 veterum
948 719 957 754 .·
970 696 1022 759 sed
1035 703 1104 780 quis¹

52 781 103 841 bic
117 801 198 840 error
209 781 320 842 novus?
339 777 459 840 diverse
479 779 678 859 interpretes:
694 801 751 860 ego
771 801 836 840 rem
853 785 944 864 capio
964 802 1102 868 respectu

54 873 150 951 ipsius
158 868 313 946 Anchisae,
328 867 514 946 utdicat,de
524 881 663 932 revetere
673 869 845 936 recensfuit
855 871 997 936 Anchises
1008 891 1104 940 errorss

98 961 165 1020 182.
180 960 355 1020 Revocatin
367 960 561 1033 memoriam,
572 962 666 1040 quase
679 959 851 1024 Cassandra
860 961 1039 1026 audiverat:
1050 970 1106 1032 illa

54 1052 140 1110 enim
159 1049 243 1123 sola,
261 1069 356 1110 nemo
369 1047 448 1112 alius
464 1061 589 1122 vatum,
605 1049 698 1114 solita
717 1063 781 1112 erat
798 1049 855 1110 hos
876 1072 963 1112 casus
985 1075 1105 1124 canere.

53 1141 80 1198 N
83 1159 161 1213 unc,
173 1137 290 1216 inquit,
302 1148 406 1217 repeto
419 1137 624 1202 Cassandram
637 1137 736 1200 solere
747 1137 932 1218 portendere
943 1139 1108 1206 domicilia

52 1226 121 1288 baec
131 1222 308 1286 essedebita
317 1225 422 1306 generi
430 1236 552 1299 nostr03
565 1236 595 1290 et
609 1243 688 1306 saepe
701 1245 810 1288 vocare
818 1227 1014 1309 Hesperiam,
1025 1249 1108 1313 sepe

52 1333 152 1394 regna
166 1311 253 1372 Itala.
269 1313 337 1372 Hoc
346 1311 406 1372 loci
415 1312 583 1394 portendere
595 1313 628 1374 in
641 1307 759 1372 bonam
772 1325 892 1394 partem
904 1317 986 1376 sumi
1001 1332 1109 1380 monet

52 1403 241 1462 Germanus.
249 1401 389 1462 Verbum
401 1421 503 1462 vocare
512 1398 630 1482 bic‘pro
639 1445 647 1477 ,
657 1401 837 1478 nominare,
850 1402 950 1484 capio.
962 1405 1017 1464 Est
1026 1425 1108 1466 exer·

53 1495 147 1567 etun,
162 1489 312 1564 afflictus,
325 1501 514 1572 prostratus,
526 1489 750 1572 pessumdatus.

99 1579 166 1640 186.
176 1578 235 1640 Sed
243 1580 468 1660 quiscrederet,
476 1583 609 1640 Teucros
618 1590 765 1646 venturos
773 1578 813 1642 ad
821 1581 1109 1663 Hesperiamlblam

53 1672 166 1730 Teucri
180 1670 286 1751 potius
300 1669 480 1731 debuissent
494 1669 534 1735 ad
547 1671 670 1736 Cretam
685 1682 821 1752 repetere
838 1672 1008 1752 originem,
1024 1665 1109 1734 unde

51 1763 201 1822 Teucrus.
210 1759 312 1836 Quem
321 1773 461 1826 moveret
470 1760 652 1838 Cassandra,
660 1759 746 1842 jussu
752 1763 809 1821 Dei
816 1771 884 1820 tum
896 1782 963 1824 non
974 1761 1111 1824 credita?

99 1853 167 1914 188.
182 1851 351 1912 Conclusio
364 1851 461 1914 totius
473 1853 639 1928 sermonis,
654 1873 716 1933 qua
726 1853 769 1912 ait
779 1850 967 1912 credendum
980 1872 1060 1928 esse,
1076 1853 1111 1912 id

52 1952 115 2015 est,
136 1937 314 2022 parendum
330 1936 466 2016 Phoebo,
485 1951 578 2020 atque
596 1959 631 1999 ex
652 1937 717 2020 ejus
731 1940 857 1998 monitu
872 1939 1030 2019 sequenda
1045 1959 1110 1999 esse
1171 1956 1174 1962 ·

52 2029 122 2088 fata
136 2025 278 2092 meliora.
290 2025 446 2103 Absolvit,
458 2029 701 2109 nuncupassemus
715 2039 841 2088 ouantes.
856 2027 901 2086 Ex
913 2025 1025 2085 decoro
1039 2039 1110 2086 aeta·

50 2120 96 2178 tis
111 2116 221 2177 obsitae
235 2137 315 2197 saepe
326 2128 418 2198 poeta
433 2116 556 2180 inducit
567 2128 667 2180 totam
679 2113 809 2176 classe'm
822 2127 983 2196 parentem
996 2113 1111 2174 Anchi·

53 2229 111 2282 saet
126 2207 200 2267 licet
212 2204 316 2271 classis
329 2207 476 2287 princeps
489 2209 597 2268 AEneas
613 2216 700 2266 esset.

99 2319 167 2381 ¹90·
182 2295 318 2362 Affectus
330 2295 449 2359 doloris
461 2317 527 2358 non
535 2297 671 2378 vulgaris
682 2295 856 2376 exprimens
864 2294 1018 2353 miseriam
1032 2292 1111 2356 sedis

53 2389 149 2449 toties
163 2386 291 2460 relictae,
303 2401 333 2448 st
345 2397 500 2468 perpetuae
507 2385 893 2468 peregrinationisseriem.
903 2385 1025 2445 Cretam
1035 2405 1112 2467 quo-

54 2495 119 2558 que
133 2473 317 2548 deserimus,
331 2485 367 2532 ut
379 2471 523 2554 Trojam,
539 2483 574 2533 ut
585 2471 761 2547 Thraciam,
773 2484 809 2532 ut
824 2471 948 2531 Delum.
963 2469 1021 2534 Sed
1037 2486 1111 2532 ante
1135 2538 1139 2548 ¹

54 2566 182 2628 abitum
196 2563 380 2644 relinquunt
393 2585 508 2646 paucos
521 2565 688 2639 sociorum,
699 2565 753 2645 qui
763 2561 1110 2642 Pergamumincolant,

55 2671 89 2720 et
103 2657 263 2715 retineant
274 2654 308 2716 iu
323 2655 414 2714 Creta
428 2675 546 2716 nomen
559 2651 746 2734 Trojanum3
762 2652 822 2712 nisi
833 2651 901 2732 quis
916 2650 990 2710 velit
998 2649 1057 2710 hoc
1071 2650 1112 2709 ad

56 2757 205 2808 mortuos
219 2742 349 2818 referre,
366 2745 419 2825 qui
434 2755 520 2825 peste
534 2742 716 2816 ceciderant.

104 2855 170 2914 ¹92·
181 2833 238 2896 Sed
251 2845 420 2916 postquam
432 2833 570 2916 provecti
581 2833 614 2890 in
622 2830 722 2891 altum
733 2839 818 2902 sunt,
832 2826 928 2888 nullis
937 2824 1002 2907 jam
1012 2827 1111 2904 terris,

56 2923 140 2986 caelo
154 2934 278 2982 tautum
289 2923 431 3003 etaquis,
446 2920 622 3003 prospectui
637 2919 754 2991 obviis,
766 2914 870 2976 subito
879 2915 980 2973 imber
988 2924 1112 2974 exortus

57 3024 189 3074 noctem
205 3023 235 3074 et
248 3023 462 3094 tempestatem
476 3010 596 3085 attulit,
612 3029 647 3069 ac
660 3019 762 3068 totum
774 3025 859 3068 mare
870 3004 1061 3065 densissimis
1072 3015 1114 3062 te-

56 3101 169 3162 nebris
182 3095 353 3160 exhorruit.
364 3099 501 3160 Observa
514 3097 689 3159 definivisse
699 3106 840 3178 poetam,
851 3092 927 3174 quid
942 3105 1017 3153 esset
1028 3111 1114 3151 mars

56 3190 180 3264 altum,
192 3185 272 3249 illud
285 3186 445 3264 videlicet,
459 3185 515 3256 ubi
530 3184 626 3246 nullae
642 3195 792 3267 apparent
805 3196 909 3257 terrae,
923 3193 1045 3240 tantum
1059 3197 1113 3238 eoe-

54 3279 148 3351 lum,
164 3286 287 3336 tantum
299 3273 402 3336 uudae.
420 3274 502 3334 lllud
513 3295 600 3356 supra
612 3285 702 3354 caput
715 3271 847 3352 explicat
859 3269 993 3342 Servius,
1009 3266 1114 3347 perni-

55 3371 177 3438 tiosus,
190 3363 320 3424 exitialis
334 3387 341 3422 ε
356 3385 423 3424 non
437 3365 551 3445 placet3
564 3365 685 3446 potius,
699 3363 807 3435 ἄνωθεν,
822 3371 851 3418 et
861 3357 1015 3438 κατ’ἂκρηςε
1028 3355 1114 3436 quod
1204 3361 1206 3366 “

55 3459 126 3540 jam
138 3454 235 3516 variis
251 3455 284 3513 in
296 3454 372 3514 locis
387 3475 404 3512 a
418 3475 478 3515 me.
491 3458 528 3515 Τὸ
541 3452 687 3515 inhorruit
699 3463 760 3524 est,
778 3447 864 3528 quod
877 3447 976 3510 Graeci
995 3445 1034 3510 ad
1046 3467 1113 3507 vcr-

57 3551 161 3622 bum,
176 3545 307 3626 dripptrcs.
1058 3555 1064 3570 ’

107 3633 176 3713 ι96.
189 3633 236 3694 Ab
256 3632 367 3694 caelesti
379 3631 479 3692 imbre
490 3643 519 3691 et
531 3629 660 3691 horrore
671 3627 764 3688 maris
783 3626 893 3686 transit
906 3623 945 3684 ad
958 3623 1030 3701 elia,
1043 3645 1113 3706 quse
1219 3658 1227 3666 ν

101 3793 162 3846 182.
180 3789 269 3846 Iliacis
282 3791 357 3864 fatis.
376 3791 438 3848 Non
457 3791 569 3862 proprio
614 3808 668 3861 qua
682 3783 864 3851 afficiebatur,
878 3784 951 3854 quod
963 3783 1002 3837 illi
1012 3785 1114 3836 frustra

55 3877 122 3930 fato
132 3871 287 3941 laborabat,
297 3872 431 3930 &suune
441 3871 522 3942 igitur
532 3869 570 3924 la*
612 3869 795 3930 laborassent,
814 3876 910 3936 purget
919 3867 1114 3930 exeusationes,

56 3956 161 4011 borem
172 3953 253 4010 irrite
269 3951 446 4024 navigationis
454 3948 493 4006 ed
505 3951 572 4018 [ire-¹
614 3966 696 4019 quum
714 3947 815 3998 iactum
833 3945 926 4016 negari
943 3961 998 3995 non
1019 3946 1115 4016 possit.¹

56 4050 138 4101 tarn,
156 4032 227 4084 Fatis
239 4023 372 4097 aduertit,
384 4045 413 4087 ut
425 4029 570 4093 invidiam,
614 4029 709 4098 Donat.
721 4055 755 4066 ω
763 4025 893 4100 Excipite,
909 4025 1028 4094 fatigate.
1038 4025 1109 4077 'Seru
1130 4059 1132 4064 -

905 4129 943 4164 12.
