2700 4586
245 340 304 384 112
570 309 949 376 COMMENTARIA

239 445 266 503 si
278 441 344 500 haec
355 440 419 498 vita
433 435 524 494 detur
535 429 658 494 homini
671 433 777 518 posito
785 434 816 492 in
826 433 959 494 vinculis
969 432 1008 494 ad
1019 449 1170 514 mortem3
1181 441 1283 521 majus
1333 409 1334 500 l

240 529 359 604 adhuc,
377 529 402 586 si
421 523 493 584 huie
509 521 581 582 vitae
595 519 730 582 addetur
742 523 842 602 gratia
857 523 1005 596 civitatis
1023 523 1152 584 demum
1169 528 1283 610 majus,

240 620 266 677 si
278 636 350 678 eum
365 616 442 687 vita,
455 624 565 670 etcum
578 610 704 671 civitate
713 607 962 689 aecedatgratia,
973 624 1004 672 et
1016 613 1155 672 amicitia
1168 619 1283 696 princi·

237 707 295 788 pis.
308 706 417 785 ltaque
427 703 508 760 inter
517 697 572 758 has
583 696 735 779 lacrymas
746 712 932 758 evanescunt
944 697 1068 760 infinite
1080 721 1182 784 prope
1195 723 1283 784 argu·

239 807 359 867 menta,
382 809 451 872 quae
472 789 647 860 Priamum,
671 799 702 844 et
722 783 872 865 Trojanos
892 784 1073 850 debuissent
1096 807 1244 852 revocare
1266 815 1283 852 a

239 885 346 944 Graeco
359 881 497 940 nomine.
509 877 617 956 ltaque
629 895 694 934 non
706 872 844 956 placent,
859 876 912 954 qui
924 875 1050 954 dieunt,
1062 883 1167 940 notari
1180 879 1284 941 levita·

241 988 319 1048 tem,
334 985 364 1031 et
376 967 617 1051 imprudentiam
631 963 855 1044 Troianorum,
869 967 924 1047 qui
937 964 1027 1030 facile
1037 970 1149 1030 Graeco
1160 965 1283 1032 homini

239 1059 445 1120 crediderint:
468 1058 532 1116 imo
552 1067 682 1117 notatur
700 1051 888 1134 eloquentie
906 1055 969 1130 vis,
991 1055 1119 1118 adeum
1135 1059 1283 1136 modum,

239 1169 301 1230 qno
317 1145 463 1228 explicui.

281 1237 346 1298 150.
358 1237 506 1316 Quinque
520 1245 624 1312 rogat,
642 1251 712 1312 quoe
724 1229 764 1293 ad
778 1233 838 1294 iria
852 1247 984 1312 possunt
998 1231 1120 1310 reduci,
1140 1255 1282 1312 eausam,

237 1346 420 1410 personam,
432 1345 516 1384 rem:
533 1342 602 1403 quae
616 1323 675 1382 tria
688 1323 721 1384 in
734 1324 833 1384 causis
846 1319 1109 1404 conjecturalibus
1119 1341 1284 1406 argumen-

236 1415 324 1478 tandi
333 1415 528 1476 occasionem
538 1411 835 1494 praebentzcausem,
845 1413 1282 1495 quumaiuquomolemsttca

236 1526 415 1591 personam,
437 1505 501 1584 quis
521 1507 642 1563 auctor?
662 1521 743 1576 rem,
763 1521 827 1582 qun
844 1501 984 1562 machina
1003 1499 1069 1562 belli
1086 1502 1158 1563 ille:
1179 1505 1282 1587 quidue

234 1601 355 1680 petunt:²
369 1615 433 1677 qua·
444 1590 565 1673 relipr'o?
585 1591 623 1652 ad
640 1611 764 1652 caueam
777 1591 872 1651 refert
881 1593 1040 1652 Narcimb.
1053 1591 1182 1654 mallem
1194 1597 1280 1672 prius

234 1685 274 1746 ad
286 1703 426 1756 causam3
442 1681 597 1762 posterius
608 1679 649 1738 ad
661 1701 735 1740 rein.

280 1774 344 1836 152.
362 1772 455 1832 Liber
468 1769 533 1849 jam
551 1771 647 1830 Sinon
663 1767 812 1845 vinculis,
826 1787 939 1830 manue
952 1769 991 1832 ad
1006 1770 1115 1832 coelum
1129 1771 1232 1846 tollit,
1245 1785 1281 1832 ut
1333 1835 1334 1838 ,

236 1874 303 1924 erat
318 1860 519 1922 vaferrimus:
539 1860 693 1920 convertit
709 1879 741 1918 se
757 1857 796 1918 ad
814 1857 930 1935 sidera,
949 1878 1018 1940 quie
1037 1874 1129 1920 vocat
1147 1872 1279 1921 aeternos
1333 1861 1334 1896 ³

236 1955 338 2034 ignes,
362 1971 482 2012 numen
500 1970 564 2008 non
585 1945 752 2008 violabile:
772 1946 812 2006 ad
828 1967 914 2024 aras,
935 1963 966 2008 et
981 1968 1068 2032 eures
1084 1951 1280 2024 Graecorum,

196 2067 198 2071 ’
236 2062 315 2122 quos
326 2040 393 2121 jam
410 2037 509 2119 fugit:
531 2037 569 2096 ad
582 2039 691 2112 vittas,
710 2057 788 2116 quae
803 2038 896 2117 gessit
912 2037 1140 2098 immolandus:
1162 2039 1216 2098 sed
1228 2039 1281 2119 qui
1333 2045 1334 2078 i

235 2132 330 2212 gessit
339 2132 433 2190 vittas
443 2130 553 2203 Sinon,
566 2147 664 2209 quum
676 2147 711 2185 ex
720 2125 855 2186 vinculis
867 2127 1056 2208 profugerit,
1068 2142 1103 2188 ut
1113 2147 1209 2210 supra
1216 2126 1280 2208 jam

237 2219 391 2302 explicui?
409 2217 567 2299 Coniugio
587 2215 640 2276 liic
660 2216 698 2274 ad
714 2218 878 2276 tectorium
895 2219 992 2277 Servii
1011 2219 1056 2278 eie
1076 2217 1279 2300 explicantis:

238 2310 332 2381 cessi,
345 2307 509 2388 poeneqessi
519 2329 528 2364 :
540 2308 691 2384 nonenim
703 2326 767 2366 uere
780 2319 916 2387 perman
926 2305 1128 2388 sedquoniam
1142 2306 1183 2366 ad
1197 2307 1279 2367 Gre-

236 2413 284 2454 oos
295 2397 456 2476 pertineret.

281 2482 346 2564 157.
367 2482 451 2559 Quid
470 2501 542 2541 vero
559 2481 655 2563 petit?
672 2483 843 2544 Audiverat
857 2483 953 2545 Sinon
970 2483 1010 2542 ab
1026 2482 1167 2556 Priamo,
1189 2495 1281 2543 noster
1333 2517 1334 2564 1

237 2571 309 2629 eris:
331 2590 420 2650 ergo,
442 2571 496 2650 qui
508 2567 575 2649 jam
589 2589 655 2628 non
666 2571 792 2631 Graecus
804 2585 950 2652 putatur,
970 2569 1025 2632 aed
1038 2570 1210 2652 Troianus,
1227 2569 1278 2628 ab·
1324 2583 1334 2632 ,¹

235 2655 321 2737 jurat
334 2659 428 2718 sacris
443 2659 641 2732 Graecorum,
655 2659 801 2719 concedit
815 2662 849 2718 in
864 2677 949 2718 sacra
962 2656 1189 2738 Trojanorum:
1210 2656 1279 2715 ideo
1333 2669 1334 2672 ’

237 2746 303 2808 vult
314 2747 466 2808 resolvere
475 2745 546 2828 jura
560 2749 707 2830 pristina,
727 2769 801 2809 suos
816 2747 933 2826 odisse,
951 2747 1149 2806 manifestare
1163 2746 1280 2805 omnia.
1333 2749 1334 2756 ’

280 2838 346 2897 160.
368 2833 495 2915 Obligat
513 2855 560 2911 ee,
579 2849 610 2895 ot
627 2855 701 2896 vera
717 2837 835 2910 dicere,
855 2849 885 2894 et
901 2853 1009 2917 parem
1025 2833 1134 2894 salutis
1148 2834 1278 2914 gratiam
1333 2837 1334 2894 l

237 2924 420 3006 rependere,
440 2924 612 2986 dummodo
631 2925 725 3006 Troja
743 2941 843 2987 servet
860 2925 954 2985 fidem
974 2925 1048 2998 sibi,
1067 2921 1197 3004 quando
1218 2925 1281 3003 ipse
1333 2913 1334 2984 l

238 3013 325 3074 illem
344 3026 458 3088 servat,
479 3015 641 3074 veritatem
660 3017 827 3096 aperiens:
849 3013 936 3072 ducit
956 3028 1131 3072 sermonem
1153 3023 1247 3092 poeta
1264 3027 1281 3066 a
1333 3045 1334 3048 =

239 3103 473 3162 erminantibus,

183 3217 185 3224 ¹
278 3192 345 3252 162.
365 3191 495 3264 Omnia,
515 3211 583 3271 quae
602 3189 654 3250 hie
674 3192 771 3252 Sinon
793 3193 849 3266 eil,
870 3211 943 3274 vera
965 3204 1053 3263 eunt3
1077 3211 1139 3272 quo
1159 3187 1281 3248 facilius

239 3277 351 3340 deinde
368 3275 529 3361 pertrahat
543 3299 607 3359 quo
621 3276 703 3360 vult,
723 3281 796 3340 ficto
809 3275 991 3340 mendacio:
1014 3297 1085 3338 vere
1102 3279 1188 3338 enim
1203 3275 1282 3336 favit
1333 3315 1334 3320 κ

179 3489 180 3492 ’
278 3474 737 3548 149.Mibi.Seilieetregi,quipor·
780 3475 885 3528 AEtemi
898 3475 976 3548 ἔφησε.
989 3471 1127 3527 Libentius
1138 3471 1184 3524 bie
1194 3469 1282 3523 sidera
1333 3493 1334 3526 l

239 3569 295 3604 sem
302 3557 580 3626 tormentisiuquirere
587 3559 736 3622 veritatem,
781 3557 902 3627 accipio,
912 3570 994 3626 quam
1004 3555 1078 3626 ignea
1089 3569 1197 3604 ararum
1209 3573 1215 3601 r
1226 3549 1281 3600 bec

239 3631 428 3701 etsimplieiter
436 3653 540 3705 quaero:
550 3635 737 3706 velMiln‘,qui
780 3646 860 3686 vocar
868 3635 943 3704 ignee
949 3645 1078 3696 aeternos,
1091 3643 1118 3683 et
1129 3631 1236 3682 Numen
1246 3631 1282 3679 in·

237 3722 264 3762 te
273 3712 388 3776 servavi,
398 3725 424 3763 et
432 3714 458 3764 in
468 3733 588 3767 meorum
597 3733 736 3768 numerum
780 3715 907 3768 violabile
919 3738 924 3768 :
941 3727 1022 3786 atque
1034 3713 1103 3766 eden
1112 3713 1218 3763 initium
1233 3722 1283 3762 tee-

237 3793 335 3860 recepi.
348 3791 443 3845 Donat.
781 3796 889 3848 rationis
899 3815 914 3848 a
924 3795 988 3848 orele
999 3796 1084 3864 eupit,
1095 3805 1121 3844 et
1134 3791 1281 3855 sideribus,

277 3869 333 3936 154.
353 3870 418 3934 Vos,
437 3875 526 3924 eterni
536 3876 615 3947 iques.
632 3877 736 3930 Jurevit
780 3877 883 3948 adquae
893 3888 988 3930 manue
1000 3873 1121 3926 tetendit.
1130 3872 1184 3924 Alii
1194 3875 1282 3944 ignem

227 3947 733 4023 ‚sedaubtililer:nam‘l'rojanoslallig
779 3959 864 4010 Vester
883 3959 1001 4030 capiunt.
1018 3955 1128 4006 -Non
1152 3951 1280 4005 violabile.

238 4043 263 4081 et
280 4049 332 4081 nnn
350 4029 440 4100 prodit
455 4049 552 4086 arcane
571 4052 688 4088 auorum.
699 4065 733 4080 u·-
781 4035 865 4089 Grreoi
875 4035 989 4103 evenne
1001 4033 1102 4088 dieunt.
1117 4034 1188 4086 Seru.

332 4121 336 4148 l
