2700 4586
244 307 303 386 ,42
512 317 516 324 ·
569 285 947 355 connaurlntn

239 422 424 501 intelligitur
441 413 541 475 effusa
559 413 702 472 omnium
720 409 808 491 fuga,
832 430 868 468 ac
888 410 1015 490 perinde
1035 412 1146 492 ingens
1167 427 1282 474 metus.

280 511 346 573 533.
358 507 467 568 luvicti
479 504 560 582 regis
571 502 718 560 virtutem
730 499 876 580 explicari
889 497 948 558 sub
959 519 1091 580 persona
1105 503 1228 562 Priami
1243 499 1281 563 ab

239 598 484 662 eminentissimo
497 604 603 674 poeta,
616 589 680 670 jam
697 588 750 648 alii
768 587 919 647 dixerunt.
939 587 1045 647 Talem
1059 591 1145 650 enim
1159 613 1279 674 regem,

239 706 341 767 neque
352 698 487 744 extrema
496 681 656 740 necessitas
665 689 765 759 potest
776 678 995 757 comprimere,
1008 689 1062 736 aut
1073 676 1139 759 ejus
1152 699 1278 760 genero·

158 839 160 844 ,
239 797 307 838 sum
320 774 462 836 ardorem
474 772 660 850 extinguere.
682 764 783 826 Media
798 786 874 825 mors
887 778 947 839 est,
961 766 1126 826 manifesta
1138 782 1171 828 et
1184 769 1278 841 clara,

240 877 274 923 ut
285 882 392 944 supra,
403 861 489 919 seruit
500 856 605 916 medios
617 853 748 935 delapsus
762 856 793 914 in
808 851 907 912 hostes.

279 950 346 1010 535.
365 949 447 1026 Ergo
467 943 628 1004 exclamat:
651 941 711 1002 hoc
728 941 823 1001 verbo
843 940 999 1000 indicatur
1016 940 1143 1001 habitus
1164 941 1276 1002 futurae

231 1038 406 1100 erationis:
417 1033 554 1113 vulgaris
564 1046 658 1114 poeta
669 1031 795 1104 diceret,
810 1032 866 1104 ait,
877 1031 994 1112 inquit,
1007 1031 1099 1090 fatur.
1110 1031 1199 1108 Quid
1208 1053 1277 1092 vero

239 1121 407 1185 exclamat?
416 1123 458 1182 At
465 1122 517 1180 Dii
524 1117 689 1201 persolvant
697 1118 748 1179 tibi
757 1131 850 1199 prutes
859 1117 978 1200 dignos,
991 1131 1020 1179 et
1031 1117 1279 1201 reddantpraemia

239 1213 333 1274 debita
347 1232 399 1293 pro
415 1207 530 1281 scelere,
546 1229 598 1289 pro
616 1210 703 1268 ausis.
721 1209 776 1267 His
794 1209 922 1266 exitium
941 1208 1131 1288 imprecatur
1145 1207 1279 1291 Pyrrho,

239 1322 312 1362 nam
327 1299 413 1381 quod
427 1296 513 1357 aliud
525 1297 690 1378 praemium
704 1295 837 1369 sceleris,
853 1293 1006 1355 audaciai
1023 1297 1122 1354 utitur
1133 1317 1209 1356 sane
1222 1315 1281 1355 ser-

240 1409 335 1450 mone
351 1386 515 1469 ambiguo,
531 1399 563 1444 et
576 1383 626 1444 hic
643 1387 676 1444 in
689 1383 804 1443 malam
818 1399 948 1466 partem.
964 1383 1100 1444 Adhibet
1111 1387 1280 1461 rationem,

241 1503 296 1560 eur
307 1479 437 1539 exitium
452 1479 654 1557 imprecetur,
678 1477 747 1554 quia
754 1474 852 1557 facim
868 1495 913 1533 me
931 1495 1043 1533 censere
1059 1494 1159 1534 coram
1175 1472 1283 1534 lethum

240 1571 320 1628 nati:
330 1585 432 1646 neque
444 1562 504 1623 hoc
515 1563 635 1636 solum,
645 1562 697 1622 sed
707 1561 855 1645 etfoedosti
865 1561 948 1621 illius
949 1561 1058 1644 fimare
1064 1560 1160 1622 vultus
1165 1565 1279 1644 patrios.

240 1657 348 1738 ltaque
359 1675 425 1712 non
436 1665 500 1712 tarn
513 1653 653 1713 Priamus
663 1653 701 1712 de
711 1651 794 1712 caede
807 1653 901 1733 (quid
912 1653 995 1711 enim
1007 1650 1103 1711 hostis
1113 1653 1145 1710 in
1157 1651 1278 1711 hostem

203 1814 207 1824 ἱ
242 1742 389 1820 faceretl)
401 1740 617 1821 conqueritur,
630 1759 725 1820 quam
740 1739 779 1799 de
791 1741 889 1799 atroci
904 1739 1100 1820 spectaculo:
1114 1740 1171 1813 ait,
1184 1739 1278 1798 foeda-

242 1846 291 1891 tos
302 1829 420 1903 vultus,
435 1831 509 1910 quia
522 1825 652 1886 fortasse
664 1849 789 1909 sparsus
801 1849 894 1888 senex
906 1829 971 1886 nati
984 1847 1103 1886 cruere.
1116 1826 1278 1887 Parenthe·

242 1923 281 1981 sis
293 1919 332 1978 de
345 1921 473 2000 pietate,
485 1937 555 1996 quae
567 1919 647 1977 inest
658 1919 692 1976 in
702 1919 791 1994 caelo,
807 1917 876 1978 ideo
887 1919 1083 1998 interposita,
1096 1919 1171 1998 quia
1185 1918 1280 1976 nomi·

242 2009 310 2068 nati
321 2007 388 2080 Dii3
400 2020 431 2065 et
443 2019 588 2064 movetur
596 2011 675 2072 πάθος
687 2007 726 2064 ab
739 2007 920 2086 desperante
934 2005 1081 2085 pietatem
1093 2003 1252 2064 caelestem.

261 2093 349 2170 sto.
373 2094 418 2152 Ab
440 2092 585 2153 dissimili
606 2092 746 2155 bonitate
762 2093 908 2166 Achillis,
929 2105 960 2152 et
976 2094 1110 2173 paternis
1127 2091 1277 2166 moribus,

242 2197 334 2264 atque
362 2182 489 2262 ingenio
519 2180 731 2241 crudelitatem
757 2179 869 2264 Pyrrhi
893 2173 1106 2261 ferociamque
1133 2183 1278 2261 coarguit.
1339 2209 1340 2265 p

239 2271 373 2333 Achilles
385 2270 464 2330 mihi
476 2269 606 2331 cadaver
617 2271 756 2332 Hectoris
772 2269 992 2331 tumulandum
1004 2269 1148 2345 tradidit;
1167 2272 1280 2330 remisit

243 2362 339 2420 mein
356 2379 426 2418 mea
442 2379 536 2439 regna
550 2359 679 2438 plenum
694 2359 838 2432 honoris3
854 2359 979 2418 erubuit
988 2359 1165 2438 veritusque
1176 2369 1222 2418 est
1234 2378 1281 2417 me

244 2445 415 2526 supplicem
428 2457 547 2504 servato
556 2443 626 2524 jure
639 2446 746 2507 aclide
760 2446 938 2528 supplicum
951 2469 958 2504 ι
971 2458 1006 2504 tu
1018 2466 1091 2526 ergo
1104 2465 1171 2505 non
1183 2445 1239 2505 illo
1250 2465 1279 2505 es
1338 2461 1339 2492 ἐ

243 2547 340 2608 satus,
353 2533 407 2613 qui
419 2529 578 2592 dissimilis
590 2532 637 2594 illi
650 2555 697 2610 es,
710 2537 764 2618 qui
776 2533 894 2595 natales
908 2547 978 2595 tuos
993 2533 1144 2598 mentiris.

240 2719 325 2772 Modo
335 2739 380 2773 eos
391 2722 521 2792 sequitur,
529 2723 575 2793 qui
585 2723 739 2795 sanguinem
784 2722 879 2787 rhum,
896 2720 970 2792 quod
986 2719 1130 2786 occiderit,
1146 2717 1195 2771 sed
1210 2716 1280 2788 quod

223 2831 226 2838 »
242 2799 333 2854 aedem
344 2803 403 2852 vira
418 2801 523 2863 volunt;
539 2800 603 2853 alibi
616 2819 678 2868 eos,
694 2804 740 2872 qui
784 2802 882 2855 caedem
904 2805 932 2853 in
952 2813 1123 2871 conspectum
1142 2811 1282 2870 paternum

241 2880 739 2952 ipsumsauguiuemvitamvolunt2ut,
783 2877 1283 2949 reservaverit:namstultereprahen·
1337 2877 1338 2963 l

241 2961 405 3029 Purpuream
421 2961 503 3009 vomit
521 2958 566 3011 ille
587 2961 710 3012 animam.
725 2984 736 3007 n
784 2959 867 3025 deret,
877 2959 949 3030 quod
955 2961 1015 3029 jure
1022 2957 1086 3010 belli
1096 2957 1203 3010 licebat.
1214 2959 1280 3010 Don.

242 3040 331 3090 Potest
339 3051 426 3090 tamen
434 3035 499 3090 κιτὶ
508 3036 535 3088 cl
547 3037 691 3105 counimur
699 3041 740 3092 in-
819 3038 878 3106 540.
891 3038 929 3090 At
939 3057 992 3090 non
1007 3037 1066 3102 itte,
1081 3047 1174 3088 ratum.
1188 3038 1280 3088 Tribus

241 3119 324 3189 telligi
336 3121 399 3168 item
411 3117 578 3168 vulneratum
589 3117 698 3170 Politen.
711 3118 737 3170 S.
783 3120 924 3193 generibus
931 3131 1056 3190 parentes
1065 3117 1206 3188 objicimus
1213 3117 1280 3183 liliis,

278 3196 380 3250 535.AE
391 3196 435 3247 tibi
446 3213 494 3267 pro
504 3194 606 3260 scelere,
620 3208 669 3248 etc.
678 3199 739 3248 Par·
784 3218 865 3270 quum
875 3195 952 3250 bonis
963 3215 1009 3250 eos
1017 3215 1146 3269 negamus
1156 3197 1284 3268 equales,

244 3275 738 3346 ticulamlraircexecrationipraeviam,
783 3276 1283 3348 uthocloco:deindequummalosob·

244 3357 353 3426 ejusque
362 3361 440 3407 slsum
451 3357 479 3406 iu
490 3355 627 3406 invectivis
637 3354 742 3427 elegan-
784 3359 906 3430 jieimus,
916 3369 961 3422 ut,
971 3356 1212 3418 Laomedontiade-
1224 3359 1284 3408 item

244 3448 297 3487 tem
319 3454 394 3502 esse,
416 3437 509 3488 asserit
529 3434 672 3506 multisque
696 3435 743 3486 ad·
788 3455 869 3508 quum
879 3455 932 3488 non
940 3437 1027 3488 solum
1036 3436 1123 3488 bonos
1131 3437 1283 3498 adimimus,

245 3515 322 3567 struit
338 3517 494 3567 testimoniis
515 3513 642 3568 Hadrian.
662 3515 741 3568 Card.
788 3516 835 3569 sed
846 3519 956 3587 insuper
968 3515 1052 3569 malos
1069 3515 1227 3586 objicimus:
1243 3527 1282 3579 ur,

245 3593 278 3666 de
291 3592 371 3644 Serm.
383 3596 439 3647 Lat.
454 3587 541 3648 Enim.
549 3596 672 3650 -Ausis
683 3597 744 3666 Qui·
791 3595 867 3648 “Nec
877 3595 1114 3666 tibi'divaparens,
1125 3598 1230 3667 generis
1238 3611 1284 3646 uec
1335 3589 1336 3661 l

245 3673 307 3724 dam
314 3676 422 3744 proprie
430 3689 562 3746 sumptum
571 3676 688 3742 tradunt,
695 3696 743 3728 nec
788 3675 929 3728 Dardanus
941 3688 1064 3727 auctor.»
1079 3675 1149 3727 Serv.

244 3768 324 3822 posse
349 3753 378 3802 in
399 3769 481 3822 prosa
503 3753 563 3806 dici.
587 3783 622 3795 —·
647 3757 742 3808 Grates.
824 3756 883 3823 543.
899 3755 1121 3835 Reddidis,Quod
1135 3759 1231 3827 injuste
1247 3773 1285 3806 re·
1334 3817 1335 3834 ,

245 3833 326 3882 Prout
344 3847 385 3882 res
401 3831 496 3895 fuerit,
510 3833 552 3885 vel
567 3836 595 3884 in
610 3833 688 3886 honis
702 3835 744 3887 vel
788 3839 929 3890 tinuisset:
946 3836 1003 3888 sola
1019 3838 1089 3887 enim
1108 3835 1285 3889 animadebe-
1334 3837 1335 3880 ἶ

246 3913 274 3962 iu
283 3910 360 3963 malis
370 3909 507 3978 dicuntur,
518 3916 585 3967 sicut
593 3917 708 3986 proentr'a.
717 3916 743 3968 S.
788 3930 831 3968 tur
840 3917 926 3968 hostis
939 3933 1036 3986 corpus
1047 3927 1151 3985 autem,
1162 3917 1284 3987 queniam
1334 3901 1335 3980 l

249 4039 251 4046 .
283 3989 341 4044 538.
359 3989 410 4060 Qui
423 3991 486 4054 uati.
501 3993 562 4052 Non
577 3992 667 4063 culpat
682 3997 745 4064 Pyr·
789 3999 816 4048 in
828 3996 927 4048 nullius
937 4008 977 4048 est
988 4007 1134 4066 potestate,
1147 3996 1283 4050 dimittitur
1334 3983 1335 4011 ¹
