2646 4606
294 287 875 365 'tumnuloosuluvt
976 301 980 308 “
1073 306 1135 393 407

127 421 197 504 764.
216 422 332 484 Reddit
348 425 504 484 rationem
523 421 678 483 dictorum
696 443 808 505 supra:
831 446 887 485 cnr
903 437 1084 506 postumus,
1103 428 1136 487 id

83 521 146 586 est,
160 512 353 594 postremus?
366 515 440 595 quia
450 533 536 572 serus
549 513 692 572 omnium
706 510 845 576 filiorum
857 525 949 574 natus
960 517 1063 576 AEneae
1070 515 1137 598 jam

82 599 251 684 longaevo:
266 623 321 664 our
329 603 431 665 dietus
439 601 580 684 Sylvius?
589 605 663 685 quia
673 615 766 663 nutus
776 605 980 687 nutritusque
991 607 1024 666 in
1035 607 1135 668 silvis:

83 709 144 749 cur
156 711 230 752 cum
242 692 384 776 sceptro?
395 695 469 774 quis
481 711 545 752 non
558 692 661 752 solum
674 693 753 768 Rex,
765 691 818 754 sod
831 713 943 776 parens
955 697 1076 777 Regum
1088 695 1138 756 m-

81 774 263 840 benorum:
277 801 335 840 eur
347 782 529 841 commistus
543 779 623 842 ltalo
634 779 805 862 sanguinei
818 783 892 862 quie
905 780 996 841 illum
1008 785 1139 844 Lavinia

81 866 215 930 eduoetz
230 891 289 932 our
298 871 456 932 Albanus?
468 874 543 954 quia
554 870 593 931 ab
603 869 660 930 illo
670 889 768 952 genus
780 871 926 932 nostrum
935 870 1028 952 longe
1040 873 1141 935 domi·

83 956 219 1017 nubitur
229 957 319 1019 Albe.

127 1044 196 1129 767.
211 1049 308 1130 Reges
320 1047 399 1110 alios
415 1049 553 1109 Albanos
568 1047 679 1124 infert,
695 1065 761 1108 non
777 1065 902 1125 omnes,
922 1067 1024 1130 neque
1035 1069 1073 1110 eo
1086 1069 1137 1112 or·

80 1133 174 1211 dine,
186 1158 249 1218 quo
258 1137 389 1199 fuerunt
400 1161 406 1197 :
419 1159 493 1198 num
506 1139 620 1199 Procas
630 1159 695 1198 nou
707 1149 778 1220 post
787 1135 927 1220 sylvium¹
939 1160 945 1195 :
960 1157 1034 1219 ergo
1042 1143 1139 1220 proxi·

82 1243 152 1285 mus
166 1245 232 1287 non
244 1238 401 1311 tempore,
421 1227 473 1289 sed
485 1229 566 1290 loco.
581 1230 679 1289 Erunt
690 1228 735 1288 ibi
746 1228 857 1303 etism,
871 1241 900 1288 et
911 1227 1019 1310 Capys,
1036 1243 1066 1290 et
1074 1232 1139 1292 Nu·

82 1316 192 1376 mitore
213 1320 360 1380 meminit
376 1317 500 1402 Capyos
519 1320 610 1401 Regis
630 1318 758 1389 Albani,
779 1315 888 1392 credo,
909 1317 1045 1378 consilio
1063 1317 1138 1396 hoc,

82 1403 174 1485 quod
189 1407 290 1491 Capys
307 1410 443 1470 Assaraci
458 1406 560 1484 iilius,
579 1421 668 1490 puter
684 1407 779 1467 fuerit
796 1407 908 1488 ipsius,
929 1419 1022 1489 atque
1036 1409 1139 1472 AEneoe

82 1509 174 1554 evus.
192 1497 302 1580 ltaque
318 1495 467 1558 Anchises
483 1497 609 1558 refricat
626 1498 661 1556 in
678 1493 741 1556 hoc
758 1507 879 1577 grutam
893 1495 993 1576 putris
1010 1497 1061 1556 sui
1077 1510 1139 1556 me-

81 1585 239 1646 moriam:
261 1587 407 1648 meminit
426 1587 621 1661 Numitoris,
645 1585 720 1667 quia
738 1583 790 1644 hie
808 1597 900 1666 poter
917 1582 1010 1646 Rheae
1028 1585 1139 1667 Sylvise

83 1675 195 1734 manis
213 1676 350 1736 Romuli.
370 1676 589 1756 Progreditur,
609 1683 640 1734 et
659 1676 712 1756 qui
730 1687 757 1735 te
772 1675 892 1734 nomine
911 1672 1009 1734 reddet
1023 1672 1140 1756 Sylvius

84 1757 216 1821 AElseus:
238 1761 299 1823 fuit
316 1761 369 1822 hie
390 1760 475 1823 lilius
491 1762 590 1846 Sylvii
609 1760 709 1837 illius,
731 1762 785 1844 qui
806 1772 898 1822 uetus
919 1773 965 1822 est
981 1760 1094 1844 sylvis,
1115 1761 1140 1821 si

86 1846 196 1922 Livio,
218 1863 248 1910 et
259 1849 328 1910 aliis
344 1848 518 1912 credimusz
537 1847 622 1912 hune
639 1867 711 1910 eum
730 1849 824 1909 AEnen
841 1849 941 1910 tribus
958 1863 1141 1932 comparet,

83 1937 222 2012 nomine,
234 1942 354 2020 pietate,
369 1942 478 2000 armis:
493 1939 586 2000 sitde
597 1936 660 2000 hoc
669 1949 826 2013 extremo,
838 1941 864 1998 ει·
874 1953 1006 2020 unquam
1015 1957 1139 2020 sequun-

83 2018 156 2080 dum
173 2025 454 2108 aeceperitAlbum,
481 2028 555 2109 quis
572 2025 626 2087 bie
642 2024 754 2087 Album
770 2028 889 2108 sucepit
906 2045 923 2085 s
942 2037 1064 2102 tutore,
1083 2027 1139 2108 qui

85 2110 256 2192 imperium
268 2118 440 2193 invaserat,
456 2136 491 2176 so
501 2118 554 2176 vix
565 2113 694 2176 tandem
706 2133 791 2174 enno
803 2113 1066 2196 quinquegesimo
1078 2123 1139 2173 ter·

84 2198 132 2258 tio
147 2203 291 2264 restituit.
309 2203 451 2264 Absolvit
463 2204 649 2264 memoriam
663 2204 783 2278 Procte,
799 2203 935 2284 Capyos,
950 2199 1138 2276 Numitoris,

84 2287 190 2349 AEnese
202 2289 312 2370 Sylvii,
322 2309 415 2353 versu
423 2291 519 2374 pleno
529 2289 699 2374 mejestatis
709 2289 787 2365 hoe,
803 2287 1003 2374 Quijuueuss,
1015 2303 1140 2372 quantus

84 2388 242 2451 ostentent,
256 2381 368 2461 ospioe,
382 2383 464 2441 uires.
857 2398 861 2406 ’

128 2481 196 2546 77²·
216 2465 431 2530 Connumerut
443 2471 586 2531 civitates
601 2469 741 2552 sliquos,
761 2489 838 2553 quos
849 2468 929 2529 dicit
942 2467 1140 2530 redificandns

85 2569 103 2613 s
117 2555 251 2634 posteris
263 2557 383 2620 AEneae:
403 2557 528 2620 nullum
542 2561 713 2621 nominans
727 2559 941 2634 uenditorem,
956 2560 1031 2640 quin
1044 2557 1140 2640 liujus

87 2643 136 2704 rei
158 2643 275 2708 incerto
296 2661 341 2708 est
361 2661 392 2709 et
410 2649 545 2711 obscure
559 2648 664 2710 fama:
686 2650 748 2726 sit,
768 2648 827 2710 hos
843 2647 1020 2710 conditores
1036 2663 1142 2730 gerere

88 2744 217 2814 temporo
237 2735 370 2797 umbrato
387 2736 467 2799 ciuili
484 2759 606 2821 quercu,
627 2738 805 2822 intelligens
822 2757 973 2798 coronam
991 2738 1139 2812 civicam3

86 2831 156 2880 tum
170 2841 207 2882 ex
222 2827 369 2902 materia,
390 2843 465 2887 nam
483 2845 520 2888 ex
538 2847 671 2910 quercu:
691 2841 774 2904 tum,
797 2828 890 2910 quis,
911 2826 966 2907 qui
985 2820 1142 2885 edificant

87 2909 195 2986 urbes,
209 2913 357 2976 videntur
370 2917 607 2998 quodammodo
622 2919 703 2978 cites
718 2935 855 2989 servare3
871 2925 996 2976 servant
1007 2926 1086 2974 certe
1101 2913 1140 2974 ab

87 2996 229 3061 hostium
246 3003 436 3066 incursibus.
458 3005 504 3068 De
520 2997 669 3084 urbibus,
690 3025 767 3090 quas
785 3004 838 3066 hic
854 3003 998 3084 attingit,
1019 3000 1140 3063 dictum

89 3099 153 3164 est,
167 3087 230 3152 vol.
242 3087 300 3170 ΙΙΙ,
315 3115 386 3178 pag.
403 3092 457 3175 193
471 3107 502 3154 et
514 3115 599 3178 seqq.

130 3195 198 3256 777.
214 3177 288 3241 Post
299 3179 421 3264 aliquot
433 3179 573 3244 Albanos
585 3203 690 3266 reges3
704 3181 876 3246 Romulum
888 3179 1084 3260 Romamque
1096 3178 1141 3237 in·

86 3264 152 3325 fert
172 3287 285 3348 magns
302 3271 469 3333 verborum
488 3276 711 3336 exornatione:
732 3293 805 3348 uuo,
826 3272 859 3332 id
878 3283 943 3346 est,
963 3268 1140 3328 Numitoris

87 3353 267 3434 Mauortius,
284 3361 356 3441 quia
370 3359 453 3422 filius
465 3363 576 3422 Martis
587 3361 739 3422 Romulus
752 3383 759 3419 :
772 3358 875 3432 addet,
890 3357 964 3438 quie
973 3356 1141 3416 restituens

87 3441 242 3504 Romulus
255 3467 388 3528 regnum
403 3471 461 3510 evo
475 3451 648 3526 Numitori,
667 3469 742 3510 oum
757 3450 827 3529 ipso
844 3441 1016 3525 aliquando
1031 3462 1142 3524 regne·

90 3641 152 3680 eum
164 3613 318 3700 postumum
329 3647 442 3704 vocant,
459 3638 505 3708 qui
519 3648 590 3688 mor·
635 3637 716 3688 utitor
726 3630 940 3686 tertiusdecimus
949 3629 1009 3680 fuir.
1020 3627 1091 3681 Sero.
1102 3655 1136 3668 -·

90 3719 138 3759 tuo
160 3721 235 3780 patre
256 3724 335 3764 natus
356 3725 410 3781 est,
433 3713 480 3767 sed
499 3729 525 3767 et
545 3717 592 3786 qui
635 3714 782 3768 Proximus.
795 3707 875 3762 Teste
888 3710 980 3775 Livio,
992 3709 1152 3760 Procusest.

7 3821 8 3824 =
88 3799 153 3860 post
165 3799 351 3842 testamentum
363 3795 457 3863 petris.
473 3794 559 3845 Genu.
635 3789 861 3858 tertiusdecimus,
870 3785 1141 3842 abAseaniosurcu

128 3868 187 3940 767.
200 3870 337 3924 Proximus
348 3871 394 3924 itte
403 3871 505 3925 Procas.
518 3872 592 3926 Stun·
634 3891 683 3947 pys
693 3884 796 3934 sextum
811 3869 870 3936 vel,
883 3881 914 3922 ut
925 3868 986 3933 olii,
995 3867 1140 3944 septimus:

90 3947 120 4000 (li
130 3949 239 4016 ordine,
247 3969 302 4003 non
310 3952 453 4005 nascendi:
464 3971 526 4004 num
535 3971 593 4007 sex·
635 3946 1140 4016 NumitorveroXIV,relXV,Albuno·

92 4041 135 4081 tus
151 4039 190 4082 est
206 4049 252 4083 rex
265 4030 448 4087 Albanorum:
463 4033 526 4086 item
536 4033 591 4086 Nu·
637 4050 698 4086 rum
708 4049 763 4085 rex.
776 4030 857 4084 Taub.
