2692 4594
213 283 274 352 188
535 287 918 354 COMMENTARIA

248 408 316 472 315.
335 409 508 492 Respondet
520 412 629 472 AEneas
642 413 775 492 rogatis:
793 415 922 473 vivisne?
938 415 1003 474 vivo
1016 415 1171 498 equidem:
1185 439 1249 478 uere

209 510 260 559 tua
274 513 316 560 est
321 501 430 582 facies,
450 522 569 562 unusne
583 505 712 562 AEneas?
730 524 796 563 vem
814 503 907 579 vides,
926 526 963 564 ne
978 504 1088 567 dubita.
1110 506 1205 568 Addit
1223 524 1250 570 et

205 590 459 668 conquestionem
470 612 477 646 ε
488 589 530 650 ita
542 611 611 649 sum
621 591 724 666 vivus,
734 602 768 650 ut
778 592 870 651 morti
882 592 1057 673 proximus:
1069 615 1148 654 nam·
1157 597 1249 654 vitam

205 667 288 734 duco
302 695 355 756 per
366 689 500 736 extrema
513 678 630 738 omnia.

247 763 313 844 317.
327 764 404 824 Tota
417 768 517 826 oratio
530 767 621 848 plena
637 763 840 847 emphaseon,
856 777 888 826 et
903 766 1073 827 admodum
1091 770 1251 829 commise-

206 867 293 906 rans:
304 848 383 910 nihil
396 852 533 933 Pyrrhus
546 853 584 914 ad
598 856 783 913 Hectorem:
796 873 912 933 ergone
926 853 993 914 fieri
1006 868 1124 935 potest,
1138 869 1175 916 ut
1186 877 1251 937 quae

206 937 367 1000 Hectorem
388 942 499 1004 habuit
517 942 696 1025 conjugem,
716 942 836 1026 Pyrrho
856 943 1013 1026 nupserit?
1031 947 1100 1026 quis
1118 959 1150 1004 te
1169 967 1252 1007 casus

205 1019 335 1104 dejecit?
348 1051 417 1110 quae
431 1031 558 1092 fortuna
572 1033 728 1113 posterior
741 1051 864 1112 sequare
876 1033 1012 1113 priorem
1025 1032 1147 1114 potest?

244 1113 313 1175 320.
329 1119 436 1180 Monet
453 1121 600 1202 Scaliger,
615 1120 670 1179 lib.
684 1121 712 1178 3.
726 1120 811 1180 Poet.
826 1140 893 1200 cap.
911 1118 960 1196 14,
975 1141 1010 1180 ex
1024 1119 1073 1180 his
1086 1134 1192 1203 poetae
1205 1144 1253 1182 su·

205 1203 251 1261 mi
269 1225 360 1284 posse
381 1212 512 1292 speciem
534 1222 564 1270 et
584 1209 719 1270 formam
740 1208 861 1290 pudicae
881 1209 1040 1271 foeminae:
1059 1232 1134 1270 narn
1156 1233 1253 1292 quum

203 1287 312 1354 AEneas
326 1295 369 1356 ita
383 1297 471 1358 illam
486 1297 714 1380 compellasset,
734 1307 768 1355 ut
785 1300 968 1355 memoriam
987 1298 1129 1358 Hectoris
1145 1302 1255 1359 excita·

203 1393 266 1460 ret,
282 1386 383 1446 statim
397 1388 450 1448 illa
463 1386 576 1450 uultum
593 1383 709 1470 dejecit;
724 1397 753 1444 et
765 1384 869 1444 locuta
885 1399 944 1462 est,
957 1385 1009 1446 sed
1026 1387 1066 1445 ita
1083 1387 1207 1463 locuta,
1222 1399 1253 1448 ut

142 1529 146 1537 ,
205 1491 273 1532 voce
295 1473 433 1552 demissa,
454 1498 523 1558 quae
542 1491 646 1537 tamen
667 1488 755 1536 antea
776 1475 911 1534 elamore
932 1475 1115 1557 complesset
1137 1477 1251 1538 locum.

205 1559 379 1627 Germanus
391 1587 518 1650 quoque
532 1573 589 1642 ait,
603 1589 670 1627 non
684 1579 799 1626 temere
813 1563 872 1625 hos
885 1565 1013 1626 affectus
1026 1566 1115 1640 datos
1131 1569 1252 1629 Andro-

204 1650 338 1730 machae,
350 1670 385 1717 ut
397 1679 465 1738 quae
475 1659 639 1720 castissima
649 1657 759 1732 luerit,
771 1667 800 1716 et
810 1656 868 1714 viri
880 1657 1106 1733 amantissima,
1117 1669 1147 1717 et
1155 1660 1254 1740 proxi·

204 1742 264 1800 mis
279 1747 386 1824 spatiis
398 1749 438 1808 ad
451 1748 586 1810 Alcestin
601 1748 765 1808 accesserit.
780 1747 885 1806 Potest
900 1747 991 1806 etiarn
1008 1745 1085 1822 dici,
1099 1746 1251 1828 dejectum

204 1828 328 1890 vultum
345 1835 587 1913 Andromachae,
607 1835 646 1896 ad
664 1834 882 1915 indignitatem
900 1834 1055 1894 nominati
1070 1833 1202 1918 Pyrrhi,
1221 1849 1253 1896 ut

206 1939 275 1999 quae
285 1927 410 2005 nuptias
421 1927 488 1988 illas
499 1926 656 2010 puduerit.

247 2009 316 2074 321.
330 2017 401 2077 Non
415 2017 583 2101 respondet
597 2017 636 2078 ad
649 2027 771 2098 rogata;
787 2025 908 2076 tanturn
921 2014 1028 2074 laudat
1040 2015 1251 2097 virginitatem

206 2109 237 2158 et
251 2113 398 2180 mortem,
417 2118 452 2166 ut
470 2105 612 2168 ostendat
628 2125 659 2164 se
674 2105 807 2164 invitam
824 2101 935 2185 Pyrrhi
953 2101 1114 2184 pertulisse
1131 2123 1251 2163 connu-

206 2181 310 2264 hium3
329 2205 360 2252 et
376 2213 440 2253 esse
458 2194 653 2275 superstitem
671 2193 735 2252 suis
753 2191 895 2250 miseriis.
914 2191 1104 2250 Sententiam
1120 2209 1194 2249 vero
1212 2193 1253 2250 sic

206 2276 352 2356 expendit
365 2281 560 2342 Macrobius:
577 2281 718 2363 quamvis
730 2279 817 2358 jussa
831 2277 926 2340 fuerit
942 2279 1023 2338 mori
1037 2277 1210 2358 Polyxena,
1226 2290 1255 2337 et

206 2358 246 2418 ad
265 2366 423 2426 tumulum
437 2367 596 2444 hostilem,
614 2383 720 2430 tamen
737 2364 858 2426 felicior
875 2386 926 2425 me
944 2377 1001 2440 est3
1020 2364 1144 2426 felicior
1160 2367 1254 2426 etiam
1327 2431 1328 2452 ἶ

207 2449 290 2529 aliis,
310 2460 382 2536 quia
396 2479 463 2520 non
476 2460 604 2542 pertulit
623 2458 703 2519 ullos
722 2459 864 2534 sortitus,
883 2477 941 2516 nec
959 2457 1082 2538 captiva
1101 2457 1255 2516 contraxit
1327 2455 1328 2464 ’

207 2541 332 2619 nuptias
342 2565 411 2604 cum
422 2545 580 2622 hostibus3
595 2547 733 2607 animam
744 2565 869 2626 quoque
879 2543 992 2605 effudit
1004 2557 1076 2604 aute
1089 2544 1191 2626 ipsam
1200 2564 1254 2626 pa·
1327 2565 1328 2586 ³

207 2626 314 2704 triam,
334 2633 419 2712 quod
438 2634 557 2716 aliquid
578 2634 617 2694 ad
637 2634 803 2694 solatium:
819 2630 948 2692 demum
966 2629 1054 2704 felix,
1073 2632 1148 2712 quia
1167 2632 1254 2712 virgo

207 2713 334 2776 interiit.
349 2721 399 2779 Ait
412 2724 515 2803 reliqu,
532 2724 604 2804 quia
619 2741 684 2782 non
699 2741 772 2781 cum
784 2718 899 2780 fiducia
916 2716 1076 2799 conjugali
1091 2739 1196 2779 secure
1209 2739 1255 2777 as·

206 2801 324 2881 cendit,
339 2807 392 2867 sed
405 2820 439 2866 ut
452 2809 554 2871 solent
566 2811 695 2891 captivae
709 2820 856 2890 paventes
869 2805 1073 2866 dominorum
1085 2817 1172 2866 toros
1184 2805 1257 2868 levi·

207 2897 253 2947 ter
262 2893 427 2976 attingere3
441 2909 472 2955 et
481 2895 576 2957 cubile
587 2896 679 2972 dixit,
691 2915 756 2955 non
770 2915 844 2954 ausa
856 2892 969 2953 lectum
979 2892 1133 2972 genialem
1145 2891 1254 2952 dicere.

248 2977 316 3040 325.
329 2983 375 3040 De
388 3003 420 3040 se
431 2993 552 3041 tantum
565 2980 723 3062 loquitur,
736 2981 831 3040 etiam
846 2982 871 3040 si
884 3000 1015 3040 numero
1028 2979 1255 3040 multitudinis:
1326 3007 1327 3052 f

210 3063 286 3127 dicit
304 3090 335 3129 se
353 3071 392 3130 ab
408 3072 531 3129 incensa
543 3068 635 3150 'froja
653 3083 773 3129 vectam
793 3071 826 3129 in
845 3070 1012 3144 Graeciam;
1031 3067 1087 3128 uhi
1107 3089 1206 3149 quum
1223 3069 1254 3126 in
1326 3115 1327 3118 η

208 3162 352 3218 servitute
366 3173 454 3234 esset,
469 3155 590 3240 Pyrrho
605 3154 732 3218 Achillis
746 3159 814 3219 filio
826 3161 946 3241 peperit
958 3157 1033 3238 (hoc
1043 3160 1128 3217 enim
1139 3172 1185 3218 est
1194 3159 1255 3219 eni·
1326 3159 1327 3176 ²

242 3281 303 3351 317.
314 3283 382 3334 Heu.
397 3277 607 3352 Disjungendurn
621 3281 654 3332 eh
667 3283 708 3333 in·
751 3298 885 3355 praecepto
907 3282 1035 3348 Achillis,
1056 3301 1137 3353 quam
1161 3280 1197 3334 ad
1215 3293 1254 3331 tu·

206 3362 402 3430 terrogatione,
412 3372 443 3412 ut
451 3357 707 3430 separatimluctuo-
752 3363 853 3415 mulum
865 3379 943 3413 suurn
952 3362 1032 3432 jussit
1041 3360 1137 3412 occidi.
1149 3389 1186 3399 -
1197 3360 1254 3411 Sor-

206 3454 236 3486 sa
250 3456 302 3488 vox
316 3439 447 3491 audiatur.
465 3439 534 3490 Serv.
547 3469 582 3478 -
593 3439 662 3492 Heu.
675 3441 708 3492 Et
752 3444 821 3495 τίτας.
834 3442 904 3509 Quia
921 3442 1020 3512 captivi
1036 3452 1063 3492 et
1079 3439 1172 3511 praeda
1187 3441 1254 3491 inter

205 3513 264 3584 ipse
276 3516 509 3588 incipitagemitu
520 3531 631 3590 propter
642 3521 709 3572 Hec-
751 3523 867 3574 victores
875 3533 946 3572 sorte
954 3518 1252 3583 dividebantunutest,
1325 3587 1326 3592 ¹

209 3595 276 3644 toris
287 3594 508 3650 recordationem.
522 3591 624 3652 Donat*
756 3602 810 3652 «Er
819 3599 916 3672 prredse
928 3599 1027 3651 ducere
1040 3610 1148 3650 sortem.
1160 3621 1172 3644 υ
1184 3599 1251 3650 Serv.

248 3672 309 3724 318.
334 3674 445 3746 Excipit.
471 3677 577 3750 Signata
602 3679 707 3732 locutus
751 3678 819 3732 Vide
830 3691 893 3731 tom.
905 3681 1017 3750 ll,peg.
1029 3678 1252 3747 467,Exiursum
1325 3695 1326 3727 1

121 3779 123 3786 ·
210 3763 267 3814 est,
287 3752 350 3821 quia
363 3752 485 3823 dejectam
503 3757 605 3811 dixerat
618 3781 624 3810 ε
638 3759 706 3812 exci-
752 3760 804 3824 XI,
818 3758 851 3810 de
863 3759 993 3810 Polixenre
1006 3757 1201 3810 immolatione.

209 3831 321 3902 piuntur
333 3835 402 3884 enim
415 3855 473 3906 quae
484 3838 592 3890 cadunt.
600 3869 636 3878 -
645 3841 708 3911 Dip-
786 3840 847 3892 326.
860 3838 951 3910 Stirpis
959 3835 1093 3888 Achilleae.
1104 3835 1173 3886 Cum
1181 3854 1253 3906 mag-

209 3929 254 3962 na.
268 3911 393 3984 Congrua
405 3927 431 3966 et
440 3919 524 3986 priori
536 3920 706 3971 conveniens.
751 3936 787 3970 no
807 3917 901 3970 dolore
917 3917 1019 3968 dictum
1032 3913 1177 3976 Actium,-
1191 3917 1253 3986 quia

245 3989 305 4044 323.
328 3994 403 4048 lurra
425 3999 499 4050 mori.
515 4000 585 4052 Bene
605 3998 658 4051 hoc
676 4017 708 4054 ex
752 3998 832 4052 abeo
845 4000 946 4052 Hector
956 3996 1059 4050 occisus
1072 4005 1130 4046 est:
1145 4008 1173 4048 et
1184 3994 1251 4048 iden
1324 4027 1325 4078 3
