2646 4606
314 330 366 394 IN
390 327 625 394 AENEIDOS
649 329 742 392 LIB.
767 331 831 394 Vl.
1030 337 1092 404 353

99 457 145 515 81.
165 454 271 516 Donec
291 451 433 527 tandem,
454 451 617 532 praemissis
636 451 778 532 precibus
794 453 911 530 AEueae,
932 468 1093 536 portarum

64 541 200 601 omnium
212 541 290 601 ostia
301 553 441 622 patuere,
457 537 552 619 idque
563 553 687 620 sponte,
703 545 864 620 αὐτομάτως,
882 539 942 602 boc
958 548 1042 606 enim
1055 550 1094 610 ad

64 631 216 691 oraculum
230 629 419 713 pertinebat3
435 649 470 688 ac
482 641 557 688 tunc
571 629 677 688 audita
690 629 814 710 Sibyllae
827 651 982 712 responsa.
1054 670 1056 682 ι

100 721 145 780 86.
163 724 211 781 En
230 719 389 780 oraculum
405 716 533 792 Phoebi,
552 717 603 777 sed
618 719 744 802 Sibyllae
761 739 831 778 ore:
851 721 884 779 in
899 721 984 804 cujus
1004 727 1095 789 initio

64 811 200 868 statuitur
210 807 322 869 modus
329 807 487 868 veteribus
497 807 639 888 periculis
649 808 792 881 nauticis,
806 821 835 867 et
847 808 930 870 liunt'
939 815 1032 875 minae
1041 837 1098 876 no·

63 917 164 958 varum
176 897 312 958 cladium
331 898 538 957 terrestrium:
558 917 648 977 ergo,
665 895 829 956 defunctus
844 895 910 978 jam
928 921 973 977 es,
987 906 1098 983 AEuea,

63 987 197 1063 periculis
213 986 329 1068 pelagi3
348 989 475 1046 venient
487 983 613 1067 Trojaui
632 989 678 1046 tui
693 987 726 1044 in
746 984 882 1061 ltaliam,
901 989 967 1048 noli
989 996 1098 1056 anxius
1150 1045 1151 1048 ,

63 1093 132 1149 esse3
148 1095 187 1134 eu
197 1075 312 1135 modus'
321 1075 531 1157 periculorum
542 1074 738 1134 nauticorum
749 1096 755 1132 :
767 1072 829 1148 sed,
842 1093 909 1132 eece
920 1073 977 1136 tibi
988 1081 1097 1157 miuae3

63 1161 156 1224 nolles
168 1166 298 1239 venisse3
312 1163 425 1246 quare?
436 1165 615 1244 quia'cerno
627 1161 693 1244 jam
707 1159 802 1222 oculis
814 1159 896 1222 bella
908 1177 961 1224 tua
973 1188 979 1224 :
991 1173 1098 1230 omnia

62 1249 109 1311 bic
120 1265 190 1313 sunt
204 1253 242 1313 ad
256 1252 433 1326 horrorem3
446 1251 518 1312 ideo
528 1254 666 1334 geminat
684 1259 790 1312 vocem
808 1249 900 1326 hetta,
915 1267 944 1314 et
955 1253 1021 1316 haec
1034 1257 1100 1319 bor·

63 1337 139 1399 ride.-
158 1341 229 1400 ideo
247 1341 367 1400 Tibrim
387 1339 526 1414 inducit,
541 1361 607 1400 non
627 1339 806 1414 rubentem,
829 1338 881 1398 sed
901 1357 1100 1422 spumantem

62 1450 113 1490 nec
122 1431 302 1514 simpliciter
313 1433 469 1512 sanquine,
482 1429 534 1489 sed
549 1427 650 1491 multo.

99 1521 144 1580 88.
159 1521 203 1580 Ut
220 1519 354 1580 adducat
366 1521 493 1580 AEneam
513 1519 550 1579 ad
571 1519 721 1599 majorem
741 1516 922 1594 horrorem,
940 1540 1100 1606 comparat

62 1609 202 1670 Latinum
216 1609 334 1669 bellum
348 1629 418 1670 cum
434 1629 470 1668 eo
486 1607 571 1690 quod
586 1620 705 1690 gestum
714 1605 780 1688 jam
797 1608 836 1669 ad
847 1607 987 1690 Trojam,
1003 1616 1102 1694 quod.

63 1716 117 1775 que
128 1701 194 1779 ipse
209 1697 435 1758 oculatissimus
450 1695 582 1770 viderat;
595 1711 629 1756 ut
641 1696 729 1778 paria
742 1697 907 1778 concipiat.
922 1699 1055 1762 Perinde
1066 1726 1101 1765 ae

62 1785 83 1842 si
95 1785 189 1862 dicat;
202 1785 305 1846 vidisti
320 1786 476 1846 Simoenta
488 1799 518 1846 et
526 1787 664 1845 Xautum
674 1783 873 1845 cadaveribus
885 1786 1015 1867 plenos?
1027 1792 1101 1854 tales

62 1870 116 1932 tibi
128 1883 220 1934 erunt
235 1873 335 1932 Tibris
347 1887 378 1932 et
390 1873 551 1932 Numicius
566 1895 573 1931 ε
590 1892 647 1953 pro
667 1873 771 1932 castris
790 1873 918 1945 Graecis,
938 1889 1029 1935 eruut
1043 1877 1100 1937 tibi

64 1973 153 2020 eastra
167 1960 338 2022 Italorum:
358 1981 416 2042 pro
431 1958 562 2034 Achille,
583 1961 723 2020 Turnus:
745 1971 775 2017 et
793 1960 871 2019 sicut
889 1959 941 2018 ille
961 1959 1043 2024 filius
1057 1981 1101 2027 cst
1183 2027 1186 2033 Κ

62 2047 219 2125 Thetidos,
238 2053 281 2110 ita
293 2049 343 2110 hic
355 2051 426 2110 Deae
437 2049 586 2110 Veniliae:
603 2051 662 2109 tibi
685 2051 718 2106 in
736 2048 873 2126 Trojano
887 2048 970 2108 bello
987 2053 1099 2116 infesta

64 2155 182 2218 semper.
194 2137 255 2196 fuit
271 2139 371 2210 Juuo,
382 2136 489 2216 ¹neque
505 2134 557 2195 bic
577 2136 675 2196 aberit
691 2133 801 2194 iisdem
817 2135 924 2208 minis,
941 2149 971 2194 et
988 2145 1100 2218 pariter

63 2223 183 2298 infesta,
199 2222 288 2302 (Vid.
308 2234 373 2282 not.
393 2222 605 2301 903Vol.111,
622 2243 692 2302 pag.
714 2220 795 2296 tra.)
812 2238 875 2299 quo
893 2230 1047 2300 ternpore,
1066 2240 1102 2288 tu

64 2310 190 2392 supplex
201 2321 292 2388 atque
299 2308 702 2388 egentissimusimplorabis
710 2309 802 2386 opem
810 2305 940 2364 aliarum
949 2313 1099 2389 gentium,

65 2396 191 2458 aliarum
204 2396 340 2454 urbium.
848 2399 851 2404 ’

98 2487 146 2564 93.
159 2486 298 2564 Occupat
313 2502 366 2563 per
382 2482 560 2564 prolepsin:
575 2483 706 2543 Lavinia
721 2484 779 2542 erit
790 2501 880 2542 causa
894 2485 996 2545 Latini
1007 2487 1099 2568 b'elli,

65 2576 141 2636 sieut
153 2573 274 2634 Helena
285 2569 430 2653 Trojani:
452 2574 485 2632 iu
501 2593 576 2633 voce
596 2571 712 2654 hospita
729 2572 840 2632 alludit
859 2571 898 2630 ad
914 2567 1099 2657 hospitium,

55 2680 122 2745 'quo
134 2664 255 2726 Helena
264 2666 378 2744 accepit
389 2662 528 2723 Paridem
540 2685 546 2722 :
559 2665 646 2745 quasi
657 2662 752 2736 dicat3
764 2665 893 2722 Lavinia
904 2677 957 2723 tua
967 2664 1100 2748 hospita,

64 2752 137 2812 sicut
151 2750 272 2811 Helena
289 2749 421 2810 Paridis.
446 2753 567 2812 Extant
588 2749 728 2823 thalami,
747 2747 827 2807 illud
846 2763 903 2823 est,
922 2751 1000 2812 sicut
1017 2756 1101 2818 Paris
1192 2811 1195 2818 s

64 2841 187 2900 abduxit
202 2839 352 2900 Helenam
364 2861 384 2898 a
401 2839 558 2914 Menelao,
577 2842 627 2899 cui
637 2838 746 2920 juncta
765 2839 982 2914 matrimoni03
1002 2845 1046 2902 ita
1065 2860 1100 2906 tu

64 2931 143 2990 voles
155 2931 319 2992 Lauiniam
330 2929 441 2990 ducere
454 2929 639 3011 desponsam
651 2931 769 2989 Turno.

100 3021 148 3099 95.
163 3021 202 3079 In
214 3021 296 3079 exitu
309 3020 425 3081 oraculi
434 3021 560 3080 AEueam
573 3017 676 3079 firmat
684 3017 832 3078 'adversus
841 3017 989 3100 praedicta
1003 3022 1098 3085 mala:

65 3119 125 3166 esto
138 3106 306 3168 audentior
317 3120 424 3168 contra
439 3128 531 3188 quam
545 3111 624 3168 sinet
633 3120 662 3168 te
674 3119 727 3167 tua
741 3105 881 3182 fortuua3
901 3104 1044 3168 hortatur
1062 3115 1103 3172 vi-

66 3193 187 3270 delicet,
202 3207 237 3253 ut
252 3213 378 3255 omnem
392 3208 513 3277 superet
531 3195 706 3271 fortunam,
726 3193 874 3274 illamque
892 3207 1022 3255 conetur
1034 3199 1103 3259 vin·

67 3304 144 3359 cere,
167 3285 366 3364 quantumvis
388 3285 573 3344 renitentem
592 3297 622 3344 et
636 3283 805 3344 adversam.
818 3283 920 3355 Ratio,
938 3303 992 3342 cur
1011 3284 1103 3347 fortis

67 3392 125 3432 esse
139 3372 264 3448 debeat3
278 3367 350 3454 quia
364 3375 397 3433 in
409 3373 539 3434 salutem
555 3365 657 3449 tuam,
671 3395 690 3434 o
704 3375 812 3447 AEnea,
823 3370 955 3430 aderunt
967 3373 1024 3432 tibi
1035 3373 1105 3438 hos·

68 3475 109 3522 tes
126 3462 286 3544 quondam
306 3465 371 3524 tui:
386 3466 543 3545 aptissima
561 3463 627 3524 baee
646 3464 685 3524 ad
702 3483 828 3523 omnem
850 3460 1103 3544 admirationem,

101 3638 143 3692 83.
152 3635 241 3710 Pelopi
249 3637 371 3710 defuncte
380 3639 489 3710 periclis.
500 3641 562 3692 Non
605 3638 762 3710 plevemnt:
775 3634 847 3688 trude
859 3645 898 3688 ett
914 3649 941 3688 et
956 3635 1104 3704 bonoribus

69 3716 178 3770 liberate
190 3717 302 3789 pelago,
315 3717 362 3770 ted
373 3720 482 3770 marinis
494 3720 563 3789 peri·
607 3719 708 3779 iuneti:
723 3716 786 3767 binc
798 3728 825 3768 et
836 3714 970 3788 defunctos
984 3733 1103 3772 mortuos

69 3799 222 3851 eulisznanr
232 3798 320 3851 adhue
329 3802 501 3872 navigaturus
509 3813 562 3852 est:
609 3797 735 3860 dicimus,
756 3795 803 3866 qui
825 3795 1025 3865 compleverunt
1044 3803 1104 3851 vitae

71 3877 116 3928 sed
128 3880 184 3930 siue
196 3878 251 3929 ullo
265 3877 425 3931 discrimine.
437 3880 566 3950 Defunete
610 3877 710 3930 officia,
720 3876 789 3928 Seru.
798 3875 942 3948 -Sibyllae
950 3881 1106 3932 vaticinium

72 3969 158 4009 autem
169 3957 294 4022 liberate3
304 3957 483 4012 namdieimus
493 3959 567 4010 lunc·
611 3955 646 4008 ad
659 3956 768 4008 AEueam
782 3955 899 4008 iuvenies
914 3973 1022 4030 quoque
1034 3955 1107 4030 apud

73 4047 112 4086 tos
126 4034 226 4105 officio,
235 4039 281 4108 qui
295 4037 381 4092 officia
395 4036 485 4098 debita
499 4055 568 4090 com·
610 4033 759 4102 Tibullum,
769 4033 815 4088 lib.
826 4036 864 4101 ll,
873 4033 946 4105 Eleg.
958 4036 981 4088 5.

145 4123 172 4176 6.
903 4121 935 4174 23
