2676 4602
354 301 406 365 ru
429 249 663 366 nuuruos
686 296 780 365 tre.
804 303 844 364 v.
998 387 1000 391 ι
1054 304 1119 390 309

67 433 148 480 tans
164 441 196 482 se
210 424 289 484 alios
303 423 463 484 excedere:
480 423 592 482 deinde
608 433 722 484 taurum
735 445 826 482 manu
841 435 916 484 tenet
928 425 1117 503 arrogantis-¹

66 511 169 586 sime,
180 513 270 592 quasi
282 532 347 571 rem
361 510 600 593 propriam.'Sed
610 509 704 590 hujus
714 509 918 571 stoliditatem
929 512 1004 570 satis
1014 512 1118 590 signat

65 613 170 680 poeta
183 602 279 660 verbo
294 599 350 660 illo
364 613 489 682 putans:
507 601 611 659 innuit
625 601 709 658 enim
721 600 844 660 Daretis
859 605 1000 663 νηπιότητα
1011 621 1048 659 ex
1060 617 1116 658 no-

65 686 161 743 tione
172 684 264 767 hujus
275 686 371 747 verbi.
385 687 490 763 Quum
502 687 559 760 ait,
573 689 648 746 stetit
657 687 829 766 antepedes,
843 705 916 746 cave
927 703 1016 768 putes
1027 683 1117 746 illum

66 777 295 853 procubuisse:
315 797 379 837 non
397 778 480 836 enim
497 788 542 836 est
558 774 635 850 boc,
654 790 685 835 et
703 775 788 835 verbi
809 774 901 856 hujus
918 773 1118 854 significatio;

69 881 180 944 neque
192 862 252 926 boc
264 869 297 926 in
309 868 454 934 Daretern
468 864 603 940 caderet,
617 868 672 946 qui
685 878 752 924 tum
766 867 1047 944 arrogantissimus.

114 953 184 1012 383.
196 955 226 1013 si
237 976 331 1015 neruo
342 956 411 1015 vult
422 974 545 1014 mecum
556 975 713 1034 pugnare3
729 978 742 1010 n
753 975 816 1036 quo
828 953 903 1029 fine,
918 975 937 1013 o
948 955 1056 1026 AEnea,
1066 950 1118 1010 hic

70 1051 215 1113 stamus,
226 1041 410 1123 tempusque
423 1039 569 1101 terimus?
584 1041 659 1122 quid
678 1058 728 1100 me
741 1040 861 1100 tamdiu
878 1059 1062 1122 suspensum
1077 1052 1119 1097 te·
1145 1077 1146 1080 =

68 1123 149 1184 nes?
159 1128 176 1185 J
179 1127 238 1187 ube
249 1149 299 1192 me
311 1128 426 1189 ducere
437 1127 498 1188 hoc
510 1129 692 1210 praemiuur,
707 1127 791 1208 quod
800 1127 866 1208 jam
878 1149 974 1187 manu
985 1140 1090 1196 teneo-3
1101 1147 1116 1178 u

68 1212 153 1272 laeva
168 1216 317 1278 videlicet
327 1218 452 1278 tenebat
468 1231 593 1281 taurum
610 1239 626 1277 e
641 1237 756 1277 cornu:
776 1217 942 1276 inclinavit
956 1218 989 1274 in
1006 1217 1119 1274 Dareta

67 1299 281 1382 Trojanorum
292 1326 444 1381 assensus,
454 1319 604 1386 tanquam
616 1305 649 1364 in
659 1307 826 1378 victorem,
837 1305 919 1378 ideo,
929 1301 1018 1376 reddi,
1029 1301 1117 1384 quasi

68 1409 140 1448 rem
153 1390 289 1454 debitam
302 1409 334 1454 et
348 1397 552 1476 promissam,
565 1413 674 1474 supra,
690 1415 719 1452 v.
732 1391 802 1454 366.

114 1479 183 1560 387.
200 1482 306 1542 Potuit
319 1485 440 1542 Acestes
454 1480 615 1541 Entellum
629 1479 854 1562 reprehendere
868 1479 1005 1553 facilius,
1022 1497 1115 1559 quam

69 1560 148 1639 alii,
161 1581 197 1626 ut
208 1571 262 1650 qui
275 1572 420 1651 prinecps
432 1569 559 1628 Sicilire:
578 1566 662 1627 dedit
676 1588 749 1626 vero
762 1568 956 1627 occasionem
969 1585 1115 1643 arrogan-

68 1651 116 1708 tia
126 1653 265 1730 Daretis3
281 1679 317 1720 ac
327 1671 472 1739 praeterea
484 1670 550 1716 erat
560 1658 679 1715 Acestes
689 1655 813 1714 Entello
822 1655 992 1735 proximus.
1005 1649 1117 1730 Objur·

67 1741 209 1818 gationis
222 1764 286 1804 uon
301 1746 458 1826 injuriosae
470 1742 663 1826 quadruplex
673 1744 823 1816 estrati03
838 1737 1117 1823 preteritaEntelli

68 1829 189 1903 virtus3
211 1839 366 1912 spectatus
388 1835 552 1914 magister3
579 1853 712 1913 praesens
731 1831 834 1905 fama3
860 1827 963 1910 spolia
980 1825 1115 1888 hostilia.

69 1915 157 1996 Ergo
171 1919 214 1978 ait
225 1921 366 1997 Acestes;
381 1943 461 1982 «cur
470 1921 550 1997 fers,
561 1919 700 1996 Entella,
715 1919 773 1980 tibi
785 1921 920 2002 pretium
934 1932 1078 1990 tantum,
1087 1930 1118 1976 et

68 2001 207 2082 gloriam
221 2011 317 2092 eripi,
336 2011 389 2092 qui
408 2009 484 2070 olim
502 2010 693 2070 fortissimus
707 2007 867 2068 Heroum?
885 2011 934 2069 cui
951 2009 1031 2088 Eryx
1049 2027 1116 2064 ma-

69 2093 169 2171 gister
188 2097 219 2154 in
240 2097 404 2180 pugilatu?
426 2098 512 2177 cujus
533 2098 617 2156 fama
638 2118 743 2178 sparsa
763 2117 819 2177 per
838 2109 938 2156 totam
959 2091 1117 2155 Siciliam?

70 2180 164 2259 cujus
181 2205 197 2243 e
212 2187 300 2245 tectis
315 2184 454 2267 pendent
469 2185 591 2266 spolia?
604 2187 664 2243 Ista
678 2184 785 2242 omnia
796 2183 1072 2253 frustraneasunt,
1087 2193 1117 2238 et

71 2289 91 2327 a
103 2283 133 2328 te
142 2275 348 2355 nequicquam
359 2273 480 2354 magnis
492 2270 640 2332 laudibus
649 2283 839 2343 memorata,
849 2271 910 2328 nisi
922 2269 1040 2350 surgis,
1053 2269 1114 2327 nisi

72 2376 183 2418 Vincls.
196 2386 210 2416 n
1022 2407 1024 2412 ,

112 2444 182 2525 394.
201 2449 267 2523 Ait,
287 2468 352 2506 non
367 2447 475 2506 abesse
493 2446 635 2506 stimulos
652 2444 768 2520 laudis,
790 2459 820 2505 et
835 2443 959 2527 gloriae3
980 2443 1033 2505 sed
1050 2465 1114 2525 pree

73 2549 231 2595 senectute
246 2549 447 2617 consumptas
463 2536 554 2608 vires.
572 2536 717 2607 Tractum
733 2531 815 2594 hebet
830 2554 846 2590 a
862 2532 973 2616 gladiis
989 2553 1047 2592 usu
1060 2530 1114 2590 he·

71 2617 215 2696 hetibus;
232 2623 334 2706 effoetae
345 2645 363 2682 a
378 2624 561 2684 mulieribus
578 2621 733 2683 exhaustis
748 2635 778 2680 et
791 2621 891 2680 multo
909 2634 1002 2700 partu
1014 2618 1114 2678 delas-

72 2725 158 2770 satrs.
1023 2751 1025 2756 -

98 2799 181 2882 697.
200 2799 335 2861 Affectus
351 2804 489 2883 optantis
507 2803 642 2883 primam
661 2800 871 2879 juventutem,
892 2805 1020 2872 augetur
1035 2793 1117 2851 mire

72 2889 261 2968 repetitione
278 2891 332 2948 illa
347 2893 385 2964 si,
404 2893 443 2950 si:
459 2891 560 2950 obiter
572 2890 671 2969 carpit
683 2888 844 2957 Daretem3
865 2901 937 2941 narn
954 2877 1117 2960 improbus,

72 2997 149 3035 nam
161 2977 386 3055 exultabundus,
403 3001 475 3040 nam
481 2980 588 3062 fidens.
609 2977 797 3060 Improbitas
809 2983 897 3030 notat
911 2967 1118 3051 pertinaciam

74 3066 162 3126 illam
179 3072 212 3130 in
226 3059 382 3152 petendo,
398 3073 469 3154 Quoe
474 3070 549 3150 finis
559 3067 677 3129 standi?
689 3082 747 3145 quo
762 3082 807 3120 me
817 3059 897 3119 decet
906 3077 996 3138 usqua
1007 3057 1118 3117 terrarii.

71 3155 267 3218 Exsultantia
279 3203 288 3232 ,
302 3180 406 3218 versus
421 3156 509 3232 illos,
526 3151 701 3234 ostenditque
713 3152 859 3223 humeros,
872 3161 931 3206 etc.
946 3141 1114 3204 Confiden-

69 3245 134 3318 tia,
153 3244 246 3304 verba
262 3246 333 3323 illa,
347 3251 373 3307 si
385 3268 469 3307 nemo
479 3241 565 3304 audet
578 3262 607 3301 se
620 3239 730 3300 eredere
740 3257 854 3321 puqnae.
870 3237 909 3296 Et
921 3234 954 3292 in
966 3231 1116 3292 omnibus

72 3333 168 3394 simul
189 3349 316 3396 notatur
335 3336 457 3395 Daretis
478 3334 639 3410 ἀδολοσχία,
661 3335 704 3388 καὶ
725 3331 852 3409 ἅνθρωπος
872 3323 1121 3402 sternumentum·

70 3441 160 3502 teque
172 3424 255 3481 enim
270 3437 300 3482 et
314 3425 518 3504 garrientem,
532 3434 563 3480 et
574 3418 803 3500 superbientem
817 3412 914 3472 vides.

114 3512 182 3590 399.
204 3512 260 3571 Sed
280 3512 389 3586 lande,
410 3508 600 3590 sedgloria,
622 3508 676 3587 qui
697 3507 790 3584 longe
811 3499 955 3560 meliores
977 3495 1093 3556 stimuli
1106 3519 1122 3556 :-

73 3621 172 3682 quum
185 3602 244 3675 ait,
261 3601 394 3660 inductus
408 3602 512 3680 pristin,
523 3596 720 3682 juveneoqtt'e,
738 3609 784 3652 est
802 3593 932 3649 alterum
949 3586 1112 3667 explicatio

72 3688 218 3764 alterius,
235 3689 267 3747 id
283 3700 345 3763 est,
364 3686 512 3746 inductus
527 3687 627 3767 pretio
640 3682 777 3765 juvenci.
793 3678 951 3758 Sequitur,
970 3695 1022 3734 nec
1035 3673 1121 3734 donn·

111 3840 170 3909 394.
187 3839 239 3892 Ille
254 3840 298 3893 sub
317 3839 378 3891 boec.
397 3838 450 3888 Aut
466 3839 572 3904 statim,
616 3835 696 3888 Aliud
706 3831 807 3906 pendet
816 3851 847 3883 ex
857 3830 924 3882 alio:
935 3845 1016 3897 quare
1027 3826 1114 3890 hebet?

75 3933 123 3975 aut
136 3933 197 3992 post
209 3921 272 3972 baec.
286 3949 321 3960 ——
332 3919 382 3973 Sed
393 3919 462 3970 enim
472 3918 573 3991 qeliclus
617 3917 680 3986 quia
698 3911 800 3984 gelidus
819 3922 860 3962 est
875 3931 880 3960 :
899 3924 981 3978 quare
996 3903 1120 3976 qelidus?

77 3997 195 4051 tardante
224 4009 323 4053 merra
351 3997 464 4070 Sauqnis
492 3997 571 4050 babet.
617 3995 778 4066 quissenex.
792 3983 1104 4050 Seru.Hor.A.P.,169..
