2676 4602
220 292 283 359 270
545 261 925 331 constentiam

219 395 281 455 sint
292 386 527 463 beneficiorum,
543 399 572 449 et
583 409 641 470 ego
652 387 733 450 hene
743 388 826 472 apud
840 389 911 451 illos
923 390 1083 472 posuerim
1098 398 1261 458 tantorum

217 480 439 546 beneficiorum
452 479 601 559 gratiam?

259 583 326 658 54ο.
339 582 441 662 Pergit
455 581 490 640 in
504 579 612 642 eodem
624 580 770 655 consilio,
782 593 930 662 urgetque
941 579 999 643 hac
1008 585 1133 646 ratione
1146 609 1153 646 :
1168 588 1260 648 etiam

218 672 243 732 si
255 669 371 752 ingrati
383 670 461 746 sint,
475 666 548 728 volo
561 688 611 728 me
624 681 731 728 tamen
747 668 878 750 ingratis
892 666 965 728 dare
976 674 1134 732 comitem.
1147 674 1264 733 Evertit

219 760 279 822 sie:
292 760 317 818 si
330 770 365 818 tu
376 756 466 832 velis,
476 755 524 816 illi
535 755 653 831 nolint,
668 755 716 814 illi
730 777 796 817 non
809 758 929 816 sinent:
944 760 1023 819 ratio
1038 759 1175 843 duplex,
1190 765 1264 845 quia

219 846 356 932 superbi,
364 849 437 929 quis
447 843 564 928 perjuri
575 857 661 906 sunt:
671 844 742 906 ideo
752 844 993 911 Laomedontaei.
1003 851 1110 911 Nescis
1123 849 1189 912 heu
1200 873 1265 934 per·

219 937 298 998 dita!
316 939 382 1020 ipsa
404 955 505 995 secum
520 934 678 1016 loquiturg
698 933 782 1015 quod
798 932 898 995 dices:
915 955 980 996 non
995 937 1100 998 solum
1117 954 1194 1000 sunt
1215 961 1265 1000 su·

218 1024 329 1110 perbis
344 1043 418 1084 nam
430 1024 454 1084 si
477 1021 537 1083 hoc
551 1035 673 1083 tantum
694 1033 808 1097 essent,
825 1023 909 1084 vinci
926 1021 1104 1086 humilitate
1123 1038 1180 1087 tua
1196 1047 1265 1110 pos·

221 1128 303 1190 sent;
315 1113 367 1176 sed
377 1126 449 1174 sunt
458 1111 589 1196 perjuri,
604 1115 622 1172 ὲ
636 1111 748 1193 quibus
761 1112 836 1195 quid
847 1113 966 1195 speres?

258 1217 327 1294 543.
346 1215 471 1298 Rejeetis
492 1216 616 1278 duobus
628 1216 780 1292 consiliis,
799 1217 925 1276 tertium
939 1218 1091 1299 proponit
1104 1215 1167 1278 hec
1186 1216 1265 1278 divi·

219 1309 325 1371 sione:
342 1308 555 1368 comitaborne
569 1305 640 1366 illos
657 1305 785 1389 supplex
801 1327 898 1387 usque
916 1305 955 1366 ad
973 1305 1117 1366 ltaliam?
1131 1329 1174 1368 an
1189 1310 1266 1370 inse·

220 1417 299 1480 quar
312 1415 383 1456 eum
402 1393 508 1454 hostili
521 1391 676 1454 exercitu?
687 1393 788 1473 Hujus
805 1393 926 1453 consilii
940 1407 1043 1476 partes
1056 1391 1173 1475 rejicit,
1187 1397 1266 1478 prio·

219 1501 285 1548 rem
297 1499 333 1546 ut
346 1497 483 1566 turpem,
493 1486 695 1566 posteriorem
707 1497 743 1542 ut
754 1481 925 1543 difficilem.
938 1483 1044 1543 Primo
1055 1504 1123 1544 non
1138 1505 1265 1566 possum

219 1573 290 1635 illos
304 1571 464 1644 comitari,
480 1573 552 1652 quis
565 1567 626 1630 solo
636 1571 716 1654 supa
734 1583 839 1632 nautas
851 1570 1043 1650 (comitabor)
1056 1587 1188 1634 ovantes.
1206 1573 1265 1650 Qui

220 1667 303 1724 enim
316 1659 393 1735 solu,
407 1681 476 1742 quae
488 1680 557 1719 sum
568 1659 903 1744 Reginaiquifisqiam
919 1657 1004 1742 quod
1013 1659 1203 1740 indignum?
1214 1662 1265 1743 qui

219 1766 339 1824 nautas,
355 1750 409 1831 qui
423 1749 493 1808 ideo
501 1747 576 1808 viles
582 1747 743 1809 homines?
754 1750 809 1832 qui
821 1763 937 1810 ovantes
941 1795 950 1824 ,
964 1751 1019 1830 qui
1034 1771 1084 1810 me
1100 1749 1224 1811 ducant
1235 1755 1266 1810 in

220 1837 553 1920 triumphumideinde
565 1859 630 1898 non
644 1859 773 1920 possum
786 1840 906 1920 insequi
919 1859 990 1899 cum
999 1835 1106 1898 hostili
1116 1841 1266 1900 exercitu:

221 1949 296 1989 nam
303 1929 356 2010 qui
368 1947 471 1988 rursus
486 1925 635 2008 objectem
646 1927 740 1988 maris
753 1927 911 2012 periculis,
919 1928 1059 2010 quosyix
1069 1947 1104 1988 ac
1115 1939 1209 1988 tanto
1222 1949 1267 1987 ne

223 2016 309 2096 gotio
321 2013 426 2074 revelli
440 2014 577 2096 a'l'yro?
1325 2015 1326 2018 ’

263 2121 510 2204 547.Propositis
520 2121 690 2205 solutisque
698 2119 1270 2206 argumentis,deliberatsibimorien·

223 2212 316 2274 dum:
331 2213 411 2271 ratio
421 2209 551 2292 duplex,
565 2226 594 2272 et
604 2215 680 2294 quia
692 2234 828 2288 mereor;
840 2211 959 2274 inducit
967 2209 1122 2272 enimsuae
1133 2212 1269 2294 descrip-
1325 2201 1326 2260 l

223 2302 304 2361 tioni
316 2299 468 2376 colorem,
486 2301 530 2360 ait
541 2299 688 2382 Scaliger:
710 2315 740 2362 et
755 2315 787 2362 ut
805 2301 947 2362 dolorem
966 2312 1112 2360 avertam.
1135 2302 1268 2370 Causam

224 2389 448 2470 desperationis
466 2408 485 2446 a
506 2408 537 2447 se
553 2387 651 2470 rejicit
667 2391 700 2450 in
715 2410 869 2470 sororem,
883 2387 935 2449 sed
955 2390 998 2448 ita
1011 2403 1116 2448 tamen
1133 2403 1172 2448 ut
1187 2391 1223 2449 in
1240 2409 1268 2448 se

224 2497 350 2560 queque
367 2488 546 2536 convertat:
570 2499 644 2538 nam
664 2492 699 2538 tu
720 2500 771 2540 me
791 2477 873 2540 hosti
894 2477 1021 2560 objicis3
1040 2476 1093 2538 sed
1115 2491 1155 2538 ut
1173 2481 1268 2538 evicta

224 2567 300 2628 meis
314 2564 459 2648 lacrymis
466 2610 475 2644 ,
487 2565 540 2628 sed
553 2578 588 2626 ut
602 2565 702 2628 furori
712 2567 874 2630 medearis.

266 2681 334 2742 550.
344 2681 462 2740 Perstat
473 2681 507 2740 in
517 2681 564 2742 sui
576 2679 834 2762 reprehensione,
845 2682 930 2764 quod
940 2684 1064 2762 nuptias
1076 2681 1267 2760 expetiverit,

224 2791 292 2832 uon
304 2782 424 2830 servata
434 2768 496 2830 lide
506 2768 624 2831 Sichaeo
639 2769 765 2850 conjugi
778 2793 785 2828 2
799 2774 842 2830 ita
856 2789 886 2830 se
899 2771 982 2830 Dido
1000 2766 1217 2852 reprehendit,
1238 2781 1269 2828 ut
1324 2797 1325 2840 3

224 2860 305 2921 dicat
317 2858 450 2919 circuitu
462 2857 599 2938 quodam
609 2877 640 2917 se
647 2875 808 2931 excusans,
820 2857 933 2932 vitam,
946 2875 1041 2936 quarn
1052 2857 1118 2936 ipse
1131 2855 1266 2935 optabat,

224 2970 288 3011 esse
298 2948 435 3009 ferarum
449 2967 484 3006 ac
500 2946 664 3006 brutorum
681 2947 794 3019 vitam3
810 2942 892 3004 hane
910 2956 1013 3004 autem
1030 2942 1216 3018 hominum,
1236 2965 1266 3004 ae

223 3051 387 3122 propterea
399 3055 464 3094 non
477 3032 699 3094 damnandam.
711 3033 832 3094 Desinit
846 3035 879 3092 in
891 3053 981 3093 suum
994 3030 1164 3108 Sichaetrm,
1180 3053 1212 3092 se
1223 3055 1266 3093 re-

225 3123 430 3210 prehendens.
444 3122 600 3182 Sententia
611 3133 674 3179 est:
686 3119 772 3180 Fides
783 3122 924 3202 promissa
937 3117 1066 3193 Sicltteo,
1083 3139 1146 3180 non
1160 3133 1266 3180 seruam

225 3214 365 3278 estsineri
372 3209 447 3290 ejus.
458 3208 535 3283 Quoe
545 3209 695 3267 sententie
704 3229 802 3288 quum
808 3208 892 3267 clara
901 3208 954 3280 sit,
966 3208 1069 3266 neseio
1077 3226 1172 3265 curse
1180 3207 1266 3266 multi

225 3303 375 3374 crucient,
386 3295 434 3356 vel
441 3291 633 3376 proferentes
642 3306 778 3356 vetustos
788 3294 924 3372 codices,
933 3296 966 3359 'tn
976 3291 1090 3376 quibus
1100 3307 1145 3354 est
1153 3293 1265 3367 Siclraei,

225 3410 294 3450 non
304 3385 437 3448 Sioltoeo:
451 3379 499 3438 vel
514 3378 621 3442 dicunt
631 3380 746 3444 Sielroeo
757 3404 815 3465 pro
829 3380 965 3444 Sichoeio.

268 3499 335 3561 553.
345 3497 447 3556 Veluti
456 3493 666 3578 epiphonema
674 3499 840 3580 superioris
851 3498 1001 3559 orationis
1011 3520 1017 3555 :
1028 3496 1096 3556 ideo
1108 3515 1264 3556 verorum-

229 3587 317 3674 pebot
328 3599 441 3668 questos
454 3607 470 3645 e
481 3599 607 3668 pectore,
621 3599 657 3650 ut
669 3592 806 3670 signetur
820 3588 938 3649 doloris
957 3586 1087 3647 abstrusi
1101 3597 1194 3668 atque
1212 3585 1263 3644 alte

226 3677 353 3759 repositi
368 3676 560 3763 magnitudo.
663 3685 670 3707 '

268 3778 335 3855 554.
349 3781 438 3842 Dicta
451 3777 517 3844 hese
532 3805 603 3845 cum
621 3783 757 3867 quadam
776 3785 975 3868 oppositione
994 3781 1139 3864 praeteriti
1159 3788 1262 3854 status,

229 3891 321 3954 quem
336 3871 453 3932 Didoni
474 3872 667 3937 attribuerat.
686 3875 743 3938 Illa
758 3875 909 3936 insomnis
929 3885 1007 3948 erat,
1028 3869 1079 3930 hie
1093 3869 1261 3928 dormiens:

226 3959 280 4022 illa
291 3962 380 4024 anxie
393 3958 431 4021 de
443 3958 581 4023 abitione
590 3960 699 4042 hujus,
713 3961 765 4024 hic
776 3961 872 4026 eundi
882 3973 989 4046 certus.
1000 3956 1058 4020 Sed
1068 3957 1121 4040 qui
1131 3954 1206 4032 dux,
1218 3953 1260 4012 cui
1322 4005 1323 4056 3
