2700 4586
357 276 407 338 ru
432 277 668 346 nuutoos
690 283 784 348 ure.
810 289 835 350 1.
1074 291 1117 384 87·

64 391 238 450 Ascanium
251 416 258 450 :
274 393 401 456 demum
411 399 567 460 mirentur
574 399 701 482 pallum,
714 418 744 465 et
750 405 890 469 velamen.
903 413 1043 496 Concipe
1049 414 1116 498 jam

64 479 225 558 integram
236 485 437 544 sententiam:
448 488 603 554 mirentur
612 489 694 550 done
703 514 711 566 3
721 495 988 560 mirenturlulum
998 524 1004 560 :
1016 501 1116 580 hunc,

65 565 133 624 viso
150 565 299 649 flagranti
311 572 417 649 vultu,
432 573 548 636 auditis
560 571 663 638 verbis
676 581 845 658 simulati33
859 586 928 662 illa,
941 589 1004 650 visa
1017 590 1115 672 palla,

64 652 134 712 viso
148 656 319 719 velamine.

104 762 177 821 7¹²·
186 746 269 806 Cum
276 747 475 810 relationesd
482 754 658 833 superiora:
667 759 822 820 mirentur
828 761 942 844 reliqui
950 765 1116 828 Ascanium

67 842 96 887 et
105 828 209 910 dons3
221 858 284 896 una
292 841 435 920 petetipne
444 841 522 900 Dido
531 847 643 925 nequit,
654 861 713 908 etc.
724 850 817 926 Dicit,
829 853 933 934 infelix
942 873 979 914 eo
990 855 1115 933 effectu,
1140 873 1143 887 “

66 939 130 999 quo
144 939 255 1004 postea
271 931 383 990 mitem.
396 931 480 990 Dicit
488 935 560 1014 pesti
564 956 577 1005 ,-
594 933 626 992 id
641 948 701 1010 est,
716 941 816 998 amori
829 943 996 1021 exitiabili,
1008 948 1115 1006 omnia

65 1007 168 1072 instar
182 1015 265 1095 ignis
276 1017 499 1098 pessumdenti.
512 1023 639 1107 Deuotn,
652 1024 756 1101 idest,
769 1026 895 1090 addicta
908 1044 939 1090 et
949 1032 1113 1093 destinata.

65 1095 167 1178 Ergo,
181 1123 253 1184 qute
265 1105 391 1182 infeli13
403 1121 434 1170 et
444 1107 557 1169 devota
566 1112 658 1191 pesti,
672 1116 773 1194 nequit
783 1131 907 1178 nentem
917 1119 1039 1201 expleti,
1050 1123 1115 1182 imo

66 1185 190 1250 ardescit
197 1194 303 1256 tuendo
310 1193 469 1256 Plroenrssa.
482 1197 540 1258 Sed
548 1197 662 1259 curhic
668 1198 834 1278 Phoenissa,
846 1225 911 1265 non
918 1206 1022 1266 aliud?
1031 1208 1116 1284 Quid

66 1275 93 1332 si
109 1283 241 1356 quesite
261 1285 437 1348 similitudo
452 1288 491 1348 ab
506 1289 617 1351 ardore
630 1292 725 1352 vestis
740 1313 905 1376 purpureae
920 1296 959 1356 od
974 1301 1070 1358 animi
1088 1307 1119 1360 el
1138 1298 1141 1304 ’

67 1370 185 1430 amoris
205 1373 368 1436 ardorem?
385 1380 474 1458 qrresi
494 1378 592 1456 dicet,
612 1401 684 1462 quse
701 1381 863 1444 Phoenissa
884 1400 942 1462 est,
962 1387 1115 1448 ardescit:

67 1455 277 1535 reprehendet
288 1463 418 1545 aliquis,
432 1481 468 1526 ut
480 1467 573 1528 volet.
587 1470 746 1551 Sequitur,
756 1491 846 1552 puero
857 1476 966 1553 pariter
976 1474 1116 1556 donisque

69 1561 215 1608 movetur:
225 1571 300 1610 nam
309 1553 463 1614 muliebre
471 1557 632 1636 ingenium
642 1577 763 1636 amore,
773 1573 804 1620 et
812 1561 905 1620 donis
913 1575 1115 1644 expugnatur.

106 1633 174 1713 715.
189 1639 268 1698 Vide
281 1641 386 1716 dolos,
399 1645 502 1724 primo
514 1658 636 1725 patrem
648 1646 882 1728 complectitur,
895 1664 930 1710 ut
944 1669 1009 1710 rem
1023 1649 1114 1712 dissi·

69 1721 180 1798 molet,
194 1727 309 1789 deinde
322 1733 473 1812 Reginam
483 1736 580 1815 petit:
601 1739 782 1797 notuetism
793 1739 949 1819 leporem,
967 1739 1117 1822 impletur

69 1825 156 1888 peter
177 1813 295 1878 ellectu
312 1823 585 1903 amorim-Regius
605 1825 716 1907 nequit
736 1825 871 1907 expleri:
893 1825 1025 1888 verbum
1044 1832 1117 1910 petit

69 1898 207 1962 studiose
222 1909 388 1986 quaesitum
404 1923 468 1969 est:
487 1931 589 1991 neque
603 1915 697 1974 etism
716 1927 839 1974 tentum
856 1919 954 1974 Amor
966 1919 1046 1998 petit
1061 1919 1114 1976 Di·
1164 1955 1167 1962 ·

68 1986 198 2066 donem,
220 1992 252 2052 id
274 2007 335 2072 etl,
351 2000 448 2060 sunit
466 1998 507 2058 ed
525 1999 610 2060 illius
628 2003 808 2083 amplexum
828 2001 882 2062 sed
900 2008 984 2084 petit,
1004 2004 1113 2079 idest,

69 2075 154 2138 illam
165 2081 372 2162 amplexando
382 2087 504 2146 insidiis
515 2088 709 2169 aggreditum
721 2088 797 2148 dolo
807 2092 937 2171 appetit.
946 2094 1027 2150 Bene
1040 2113 1113 2170 ergo

70 2167 203 2228 Nescius
210 2175 295 2252 petit,
305 2177 389 2255 quati
398 2175 902 2260 uiolenteraliqtridfaewttet.'Quid
912 2179 1116 2260 Regina't’Do·

69 2252 105 2313 lis
115 2256 185 2336 jam
197 2274 305 2340 capta,
316 2265 471 2344 etpetitrn
485 2263 574 2329 litent
585 2263 692 2339 oculis,
706 2285 788 2346 quos
799 2285 962 2347 nunquam
976 2267 1116 2327 dimovet

69 2344 106 2402 ab
116 2348 231 2407 Amore
241 2371 248 2408 ι
259 2355 406 2412 nonsatis
416 2354 512 2427 oculi3
524 2374 597 2412 nam
607 2352 703 2414 haeret
714 2367 771 2414 toto
777 2368 898 2435 pectore.
908 2353 1116 2436 ansmbsge

68 2453 130 2494 non
152 2457 234 2518 opus
253 2439 285 2498 in
307 2455 410 2522 patre3
432 2442 503 2502 ideo
521 2441 566 2502 ibi
584 2443 668 2502 clare
682 2443 818 2526 pependit
834 2443 987 2528 complexu
1002 2449 1111 2506 AEneoe.

67 2521 135 2580 Non
150 2539 300 2592 contenta
311 2527 393 2588 Dido
408 2527 531 2598 haesisse
547 2529 663 2610 oculiS,
682 2544 716 2596 et
726 2543 864 2612 pectore3
875 2534 960 2615 frenel
971 2531 1036 2614 jam
1047 2555 1111 2616 pre·

68 2613 138 2684 mio,
155 2633 224 2693 quo
239 2613 375 2676 vividior
388 2615 533 2697 quidam,
553 2631 583 2676 et
603 2615 762 2677 ardentior
775 2617 907 2680 affectus
920 2623 1112 2702 exprimitur.

66 2697 119 2756 Sed
130 2720 231 2780 quum
241 2715 335 2781 poeta
346 2701 407 2762 hos
417 2725 541 2763 amores
549 2705 921 2781 castissimetrsctsverit,
932 2710 1111 2788 interpretis

67 2789 121 2846 erit
132 2789 281 2848 eumdem
293 2785 424 2851 modu'm
441 2805 554 2852 tenere.
573 2794 620 2852 Eo
632 2792 748 2852 effectu
762 2792 816 2853 hie
827 2797 918 2854 inscia
932 2795 1026 2868 Dido,
1047 2817 1110 2876 quo

67 2875 164 2958 Graeci
184 2873 291 2947 tinette:
312 2899 411 2963 quum
430 2884 477 2940 ait
494 2880 633 2955 insideat,
651 2881 814 2964 ambiguo,
835 2895 865 2941 et
881 2883 924 2942 ita
944 2883 1111 2944 commodo

67 2963 158 3024 vetbo'
171 2970 287 3042 utitur,
307 2971 332 3029 is
346 2971 430 3030 enim
446 2969 559 3030 insidet
576 2972 609 3028 in
623 2971 742 3052 gremio
757 2967 906 3052 Didonis,
926 2973 980 3054 qui
993 2973 1111 3034 miserae

68 3051 192 3112 insidias
205 3056 355 3118 molitur:
368 3053 490 3119 insidiee
503 3059 587 3118 enim
602 3059 640 3118 ab
653 3057 821 3122 insidendo
835 3057 944 3122 dictae:
960 3061 1005 3120 sic
1017 3081 1110 3143 supra

67 3141 145 3218 petit,
160 3143 230 3222 pari
246 3144 461 3226 ambiguitate.
1056 3235 1063 3247 ο
1097 3193 1098 3197 =

105 3249 173 3308 719.
184 3231 270 3307 Quid
280 3253 354 3296 vero
364 3235 478 3304 Amor?
489 3258 600 3300 mmor
608 3241 721 3317 matris,
732 3253 1025 3322 praecepmrumque
1035 3256 1113 3318 ejus,

102 3441 161 3493 712.
180 3427 317 3500 Proecipne
334 3431 436 3503 inpellet.
456 3419 568 3505 Propter
612 3434 695 3506 plevit
712 3451 829 3488 amorem
849 3434 924 3501 ejus,
944 3447 1022 3500 quem
1041 3428 1127 3482 deci-⁸

71 3521 157 3558 essum
175 3507 315 3576 futurum,
339 3524 369 3562 nt
387 3513 505 3584 probant
527 3533 567 3566 se·
612 3511 1112 3584 piebstsimulsndo,cumessepatrem

71 3589 185 3656 quentia.
203 3589 273 3641 Sero.
289 3619 324 3631 -·
339 3593 410 3660 Quis
422 3593 567 3667 benignum
613 3611 705 3644 suum:
719 3590 1042 3663 etestmagisabsolutuur
1049 3609 1117 3662 pare

71 3668 184 3719 animum
194 3668 354 3739 exhibebat,
367 3687 446 3744 quem
458 3674 568 3727 deberet
613 3675 749 3743 ticipium,
769 3691 831 3724 nam
850 3671 904 3722 illie
929 3687 1027 3722 nomen
1051 3683 1111 3723 este

71 3746 205 3800 inimicum
222 3748 364 3818 exhihere,
393 3771 475 3824 quum
490 3773 522 3806 ex
535 3771 567 3806 eo
616 3753 708 3805 «Fani
724 3751 863 3804 Simoentis
879 3749 913 3802 ad
931 3748 1060 3802 undem.»
1077 3779 1111 3843 -ἶ

71 3839 209 3896 pararetur·
221 3829 273 3880 sibi
285 3851 364 3884 mors.
378 3835 475 3885 Donat.
564 3844 567 3854 '
613 3835 751 3904 Mapnnm.
767 3834 872 3884 Imitatu
884 3829 1028 3882 difficilem.
1041 3830 1110 3882 Serv,

107 3908 167 3976 715.
184 3907 256 3960 Falst'
269 3913 398 3982 penitens.
415 3913 477 3963 Non
497 3915 568 3978 veri,
613 3913 652 3964 De
666 3913 719 3965 hoc
734 3932 813 3966 versu
827 3912 885 3976 adi,
903 3913 924 3962 si
941 3911 1045 3981 placet,
1059 3913 1111 3961 Ex:

73 4004 118 4054 pro
130 4003 178 4054 eo,
190 3988 239 4056 qui
251 3989 409 4053 serichatum
422 4003 452 4044 nt
464 3993 511 4058 sit,
520 3993 569 4042 im·
614 4009 716 4044 cursum
725 3993 811 4060 XXV,
820 4005 884 4044 tom.
900 3993 937 4058 11,
949 4007 1010 4060 pag.
1025 3989 1083 4042 213.
1117 3995 1119 4006 ⁴
