2700 4586
335 292 387 354 in
412 290 645 358 enervos
668 292 761 358 nin.
786 295 835 359 11.
1062 323 1102 391 97

57 416 177 470 detineri
194 414 326 480 affirmat,
341 417 449 487 conjugi
463 414 568 468 demum
584 427 677 470 natum
692 417 877 481 commendat;
895 419 1042 492 776—789.
1058 426 1106 478 Hie

57 497 140 550 dictis
150 495 222 548 abit:
234 495 307 550 illam
318 497 413 548 AEneas
423 515 504 567 quum
514 496 577 548 velit
585 497 739 569 complecti,
749 517 804 550 non
814 512 910 570 potest.
921 502 1000 554 Redit
1009 503 1106 558 deinde

58 577 94 630 ad
113 594 191 640 suos,
209 575 256 628 ubi
271 575 361 648 plures
379 572 535 628 confluxisse
552 577 666 642 invenit,
681 572 790 650 palatos
807 579 882 632 illum
901 579 995 634 ducem
1012 587 1106 655 sequi:

59 657 168 710 demum
180 655 242 708 luce
256 655 421 724 albescente,
434 653 577 726 deploratis
587 659 641 726 jam
655 657 734 710 rebus
742 658 840 730 Trojae,
854 659 960 724 eadem,
972 679 1025 732 qua
1033 664 1108 734 prius

57 737 174 806 pietate,
187 748 265 806 patre
276 734 394 787 humeris
403 733 523 802 sublato,
536 734 570 786 ad
582 748 699 788 montem
708 732 784 789 idam
795 754 856 790 curo
867 739 990 792 omnihus
1000 755 1109 795 conten·

58 814 114 876 dit;
130 814 282 886 790-804·

439 901 731 968 EXPLICATIO.

104 1075 389 1149 1.Conticuerunt,
405 1093 485 1150 non,
503 1087 684 1147 tacuerunt,
701 1075 776 1156 quia
792 1095 919 1136 omnes:
936 1078 1110 1161 etquidem

61 1165 276 1224 conticescunt
288 1163 327 1224 ad
340 1183 406 1224 rem
418 1163 598 1237 maximam,
609 1161 736 1244 plenam
749 1161 978 1242 admirationis,
989 1172 1110 1249 magni-

61 1247 406 1327 tudinis,etvariorum
415 1239 817 1332 successuum,qualesque
825 1249 871 1312 ias
880 1265 945 1314 erat
953 1257 1111 1338 expectari

61 1359 99 1398 ex
112 1341 293 1400 narratione
303 1341 432 1422 Trojanl
446 1337 570 1399 excidii.
581 1334 740 1414 Secundo,
751 1338 845 1400 AEnea
853 1359 1017 1418 narrante,
1027 1365 1110 1404 novo

10 1441 15 1456 '
61 1423 1111 1510 hospite,iilioVeneris,Deiquesimili,qui'miraculonubisadduc·

63 1527 112 1574 tus
121 1516 224 1578 iuerat
235 1515 470 1598 Carthaginem,
481 1512 588 1597 quale,
598 1529 707 1598 potas,
723 1509 882 1577 silentium
897 1515 995 1578 esseti
1005 1521 1110 1580 Tertio

62 1605 183 1666 accedit
196 1606 316 1668 silentii
330 1606 432 1667 lorma
445 1623 526 1665 nova
545 1603 584 1664 ad
599 1607 801 1687 praesentiam
815 1609 945 1690 reginae,
962 1629 1032 1690 quae
1045 1611 1111 1668 avi-

62 1691 191 1755 dissime
203 1693 314 1754 audire
327 1693 489 1776 cupiebat,
501 1705 548 1768 et,
562 1711 625 1776 qua
640 1687 804 1770 audiente,
818 1713 912 1754 nemo
926 1695 974 1754 vel
989 1694 1110 1756 hiscere

63 1783 205 1846 anderen
218 1785 294 1845 Haec
307 1783 412 1844 omnia
425 1781 537 1866 procul
550 1782 649 1844 dubio
660 1792 763 1865 poetae
776 1785 884 1844 animo
898 1781 1110 1845 obversaban-

63 1883 126 1948 tur,
145 1893 246 1955 quum
265 1891 391 1933 versum
410 1869 496 1932 hunc
516 1871 628 1932 extulit
647 1871 779 1956 plenum
800 1891 866 1932 non
890 1885 956 1932 tarn
977 1873 1111 1950 silentii,

64 1981 158 2042 quam
171 1962 329 2042 stuporis:
352 1974 398 2036 et,
418 1979 481 2042 quo
498 1957 620 2033 audito,
641 1974 732 2042 putes
745 1973 775 2020 te
789 1973 957 2042 praesentes
970 1980 1112 2037 cernere,

64 2069 126 2110 non
140 2063 205 2110 tam
218 2064 254 2110 ut
265 2048 425 2125 homines,
438 2069 534 2131 quam
545 2061 581 2108 ut
591 2044 771 2108 simulacra.
782 2047 892 2110 intenti
903 2047 1111 2124 tenebantora,

64 2151 108 2198 est
124 2137 249 2222 phrasis
269 2141 347 2198 mire
361 2141 500 2220 poetica,
519 2137 742 2220 procedebant
760 2157 815 2198 ora
832 2139 963 2196 intenta.
986 2139 1060 2198 Toro
1074 2131 1111 2196 ab

64 2225 136 2302 olto,
153 2249 171 2286 a
184 2247 310 2288 summo
324 2225 415 2288 lecto.
440 2245 443 2252 ’
546 2256 551 2266 ·

11 2327 12 2334 ’
99 2317 128 2376 3.
144 2311 274 2376 Exordii
287 2315 384 2398 hujus
396 2334 504 2376 versos
519 2310 619 2376 divini
634 2327 723 2392 sunt,
739 2315 771 2396 in
787 2311 901 2396 quibus
916 2313 1024 2374 omnia
1038 2325 1113 2397 apta
1136 2350 1138 2354 -

64 2401 101 2462 ad
109 2401 315 2464 indicandam
323 2401 534 2474 calamitatem
544 2417 637 2488 supra
648 2417 757 2463 omnes
766 2413 920 2478 atrocem,
933 2423 969 2461 ac
977 2399 1111 2486 proinde

65 2491 101 2552 ad
120 2491 309 2554 eliciendam
325 2493 575 2558 misericordiam
594 2495 729 2576 reginae:
752 2505 808 2550 nec
830 2493 935 2552 minus
956 2493 1112 2552 narrantis

64 2579 154 2642 dolor
163 2582 400 2658 acerbissimus,
414 2581 485 2659 ubi,
499 2597 597 2666 quum
609 2581 701 2642 dolor
709 2571 752 2640 sit
762 2571 925 2657 infandus,
938 2579 996 2640 fari
1006 2583 1111 2642 tamen

66 2669 152 2732 illum
164 2669 296 2754 jubetur
305 2674 459 2753 Trojanus
471 2671 578 2733 homo.
587 2663 650 2733 'sed
660 2691 718 2732 cur
728 2663 866 2755 infandns
876 2667 979 2730 dolor?
990 2671 1111 2743 Primo,

66 2764 136 2844 quia
156 2783 234 2846 opes
254 2763 413 2843 Trojanae,
432 2782 503 2845 quae
518 2781 655 2843 magnae,
672 2774 768 2820 erutae
782 2773 871 2833 sunt3
889 2777 1031 2816 eversum
1044 2777 1112 2836 reg·

66 2867 153 2923 num3
172 2851 280 2911 omnia
302 2863 430 2912 vastata.
450 2847 610 2923 Secundo,
631 2847 706 2930 quia
719 2840 848 2928 jubetur
866 2842 940 2918 lari,
959 2862 1029 2926 quae
1045 2844 1111 2924 ipse
1154 2887 1157 2894 .

67 2936 155 3014 vidit,
170 2953 201 2998 et
213 2959 349 3026 quorum
362 2941 428 3020 ipse
442 2938 503 2998 luit
518 2959 590 3020 pars
602 2955 725 3024 magna.
738 2932 820 2997 Huic
834 2935 949 2996 rationi
960 2929 1112 3006 adnectit,

520 3128 656 3189 NOTAE.

101 3313 122 3349 ι.
133 3299 291 3352 Conticuere.
297 3297 368 3366 Quia
375 3297 493 3352 dixerat:
505 3301 565 3351 sFit
608 3301 708 3352 victum
720 3307 747 3349 se
757 3295 860 3359 dicae,
869 3302 897 3343 et
905 3286 1007 3340 doloris
1015 3294 1071 3346 est,
1082 3295 1109 3337 et

68 3379 295 3448 strepitaetectis»
307 3391 363 3444 =et,
376 3379 508 3452 «cythara
517 3379 566 3432 ori·
610 3374 731 3448 pudoris.
744 3377 814 3429 Serv.
827 3393 862 3414 a·
873 3370 943 3436 Quia
955 3385 1010 3444 non
1023 3366 1111 3418 aliene

68 3455 135 3508 nim·
147 3459 228 3526 iope'e
237 3459 368 3512 Personat
379 3473 494 3512 amata»
508 3471 564 3523 tet,
609 3458 694 3522 mela,
705 3456 753 3509 sed
767 3471 815 3506 sue
826 3449 962 3504 nutabat.
975 3447 1072 3498 Donat.

71 3535 254 3607 «ingenium
268 3537 457 3611 pleneuTyrii.
469 3561 480 3584 n
494 3535 566 3589 Con-
645 3538 670 3605 4.
692 3538 729 3588 Et
749 3527 916 3586 &mutabile
935 3537 1052 3600 mnam.
1076 3523 1110 3578 ld

67 3615 163 3670 limet!
176 3617 294 3688 prtia,
312 3629 425 3690 propter
439 3621 497 3687 ejus
514 3618 566 3668 ho-
610 3628 669 3680 est,
681 3631 822 3686 magnum,
837 3611 914 3681 qnasi
924 3607 1032 3680 dignum
1042 3603 1110 3656 mul-

67 3695 275 3760 notificandam
287 3699 402 3769 partim,
415 3699 565 3769 quinniens
611 3705 639 3748 te
649 3691 857 3748 lamentatione:
867 3699 913 3753 nt,
928 3709 940 3735 ι
952 3688 986 3738 lii
997 3685 1111 3738 multum

67 3774 201 3831 hominm
212 3777 315 3850 eapite
328 3791 370 3832 est
381 3777 508 3831 audiendi
516 3789 566 3830 nd-
609 3775 665 3829 dett
679 3772 714 3827 ad
729 3785 848 3844 superos.
860 3793 871 3818 ι
883 3770 952 3823 Serv.
1204 3835 1207 3842 Ἰ

68 3875 112 3913 vas
122 3873 181 3927 res,
197 3871 225 3914 et
236 3860 330 3932 regina
341 3857 475 3912 indixerat
486 3859 568 3912 sileti-
645 3855 672 3908 6.
694 3853 760 3906 Pars
774 3863 881 3926 mydas
901 3849 975 3917 Quia
993 3842 1111 3932 perdidit

67 3942 247 3994 tiumiionat.
610 3952 730 4008 regnum.
740 3932 814 3986 vidit
826 3927 1003 3984 miserandam
1015 3928 1113 3978 Priami

103 4022 127 4072 d.
149 4019 308 4092 insondmn.
331 4021 402 4086 Quia
422 4021 480 4072 viro
503 4020 568 4071 lorti
614 4027 639 4069 et
650 4014 740 4066 Politae
751 4009 978 4065 mortemramisit
987 4019 1109 4065 exorem,

136 4107 162 4158 6.
920 4112 934 4162 7

525 4191 533 4206 .
