2700 4586
256 305 297 390 46
581 300 961 367 conunnrrnrr

254 455 321 496 nou
331 430 431 492 solum
442 425 627 510 dactylicus,
635 430 687 489 sed
698 430 791 489 etiam
803 431 1218 510 adimunturconsonantes,
1229 453 1305 516 quae

255 521 392 594 tardent,
406 520 492 578 utita
502 518 626 578 vocales
636 518 812 579 convolent.
824 518 1082 594 hemitritaeum,
1095 520 1221 597 adimit,
1234 523 1302 596 vel,

253 607 340 681 celo,
366 607 414 666 vel
437 602 501 664 caett
520 607 636 679 venne,
662 605 717 665 ubi
745 608 936 666 constiterat.
954 608 1082 688 Jupiter
1104 610 1299 668 Mercurium

253 717 320 756 non
334 691 521 774 alloquitur:
537 708 642 774 posset
659 695 743 754 enim
758 694 890 774 longum
907 713 1081 753 sermonem
1098 694 1237 754 exordiri
1258 695 1303 753 ad

252 784 355 845 illum.
367 784 516 856 Tantum,
528 780 662 854 demittit,
676 794 708 844 ut
717 794 848 862 puteant,
862 791 920 840 etc.
930 780 987 841 llle
997 783 1101 841 statim
1112 803 1178 842 non
1191 783 1307 842 audita

253 893 344 946 voce,
359 870 410 929 sed
420 871 488 928 viso
499 884 578 929 nutu
587 868 705 930 volutet
714 873 834 952 remiqio
843 869 1129 948 alorum.Quaehaec
1139 871 1305 932 celeritas?

253 961 373 1024 Adhaec
382 979 444 1020 non
453 973 488 1018 ut
495 960 528 1018 in
536 971 650 1040 quarto
658 959 828 1021 AEn.nectit
836 957 946 1019 talaria
955 983 962 1019 :
971 959 1042 1020 ideo
1051 959 1089 1020 ab
1097 971 1185 1020 tanta
1193 957 1305 1020 celeri-

253 1061 317 1110 tate
331 1051 403 1107 citus
418 1049 515 1107 astitit.
531 1045 608 1122 Quae
625 1061 797 1128 sequuntur
812 1047 954 1106 eamdem
965 1045 1082 1107 hahent
1096 1048 1304 1128 praecipitan-

253 1140 346 1210 riam3
358 1133 547 1219 sacitjussa3
567 1149 684 1217 ponunt
703 1139 788 1196 Poeni
808 1135 895 1196 eorda
907 1137 1040 1220 firmem,-
1061 1138 1173 1218 Regino
1193 1139 1309 1218 accipit

252 1225 523 1304 aninrumquietum
536 1225 567 1282 in
582 1226 713 1283 Teucros.
731 1225 759 1282 V
761 1222 824 1283 ides
840 1233 910 1283 octo
925 1238 1048 1284 tantum
1065 1221 1207 1284 versibus
1225 1223 1303 1282 data

252 1313 402 1375 mandata
415 1314 453 1372 ab
469 1313 652 1395 gravissimo
669 1315 808 1373 Deorum
824 1315 969 1391 numine,
988 1313 1077 1375 alteri
1091 1315 1232 1374 Deorum
1245 1333 1308 1372 nu-

252 1403 348 1474 mini3
359 1399 444 1460 vides
458 1401 565 1459 statim
577 1401 725 1459 nuntium
740 1401 974 1477 consolantem,
987 1415 1018 1462 et
1027 1421 1093 1461 rem
1107 1402 1213 1460 statim
1229 1419 1306 1482 per-

253 1490 383 1565 fectam,
399 1503 430 1549 et
442 1509 514 1549 cum
526 1489 723 1550 ferocissimis
737 1489 940 1550 hominibus:
956 1489 1038 1551 nihil
1051 1505 1100 1566 tu,
1113 1491 1219 1566 Maro,
1234 1511 1306 1550 mo-

252 1579 320 1638 liris
333 1580 447 1658 inepte.

294 1667 362 1726 305.
381 1667 599 1726 Narrationem
618 1667 858 1749 praecedentem,
878 1690 973 1750 quam
993 1668 1088 1749 longa
1106 1667 1304 1748 digressione

253 1755 426 1835 intercipit,
446 1753 531 1816 hunc
549 1757 583 1815 in
602 1757 734 1817 modum
753 1759 909 1818 annectit:
929 1757 1062 1832 dixerat,
1084 1757 1174 1840 punit
1191 1759 1305 1816 AEneas

253 1863 354 1904 casum
377 1844 507 1917 Orontis,
528 1847 652 1923 Amyci,
672 1848 744 1927 Lyci
756 1845 841 1930 fata,
864 1848 966 1927 Gyan,
989 1841 1182 1916 Cloanthum
1210 1863 1304 1924 ergo,

253 1930 370 1992 volvem
381 1929 510 2012 plur-ima
522 1949 700 2014 pernoctem
715 1961 723 1994 :
746 1949 819 1994 sunt
832 1933 899 1994 hoec
913 1932 1056 2016 plurima,
1079 1932 1207 1992 illorum
1223 1929 1306 2008 fata,

253 2040 354 2092 casus,
375 2020 492 2078 exitus:
507 2035 578 2081 vere
590 2023 633 2080 ait
642 2025 722 2103 pius,
744 2021 871 2103 quiade
884 2041 917 2082 se
929 2021 1010 2080 nihil
1021 2041 1145 2096 curans,
1166 2017 1248 2078 nihil
1266 2017 1308 2078 de

255 2129 382 2184 somno,
392 2129 519 2170 suorum
530 2131 617 2170 casus
627 2111 770 2187 deflebat,
780 2111 909 2172 volvens
920 2110 990 2170 illos
1001 2111 1121 2182 anim03
1134 2122 1166 2168 ut
1171 2111 1307 2189 primum

256 2197 307 2260 lux
327 2198 409 2258 alma
426 2199 495 2260 data
513 2213 568 2274 est,·
591 2201 755 2282 praeclare:
778 2201 933 2282 putabant
953 2202 1038 2260 enim
1058 2213 1176 2258 veteres
1197 2195 1307 2258 Solem

255 2287 356 2362 obire,
377 2303 470 2368 atque
488 2289 618 2347 omnino
634 2310 708 2348 cum
725 2285 776 2348 die
795 2289 891 2362 mori;
909 2287 983 2348 inde
1001 2300 1180 2367 sequentem
1198 2281 1307 2344 lucem

250 2377 413 2458 solemque
425 2375 463 2434 de
474 2396 557 2438 novo
571 2378 685 2450 creari,
699 2390 729 2436 et
739 2390 889 2456 tanquam
902 2395 1017 2434 munus
1031 2373 1191 2453 quoddam
1203 2393 1223 2432 a
1234 2373 1307 2432 Diis

253 2469 321 2532 dari
335 2463 529 2524 mortalibus.
548 2463 633 2540 Quid
645 2485 719 2532 vero
731 2465 804 2524 data
815 2463 904 2544 lucei
923 2465 1077 2524 Constituit
1089 2463 1179 2533 exire,
1199 2460 1307 2542 explo-

254 2575 372 2637 rareque
387 2551 452 2612 locu
462 2574 552 2626 nova,
570 2567 600 2612 et
610 2574 676 2614 oras
690 2552 730 2611 ad
741 2575 813 2635 quas
823 2554 985 2626 accesserit,
1003 2550 1142 2632 perlatus
1155 2564 1260 2622 uento;
1277 2563 1308 2610 et

254 2644 403 2706 constituit
417 2661 555 2724 querere,
578 2643 629 2722 qui
651 2653 769 2701 teneant
785 2661 821 2704 ea
838 2641 924 2716 loca,
946 2637 1077 2701 homines
1095 2657 1146 2710 ne,
1167 2638 1307 2720 onserce.

254 2732 334 2795 Vide
352 2730 465 2792 fortem
479 2731 582 2816 AEueae
595 2731 749 2805 animum3
769 2743 895 2812 paratus
909 2742 956 2788 est
975 2727 1015 2786 ad
1031 2725 1217 2785 irruendum
1237 2727 1307 2785 sive

255 2826 290 2883 in
304 2821 462 2895 homines,
474 2821 537 2880 sive
549 2821 584 2894 in
593 2819 683 2880 feras.
696 2817 775 2879 Vide
787 2821 898 2893 etiam,
911 2837 1006 2898 quom
1019 2815 1139 2896 egregie
1152 2812 1308 2894 depingat

255 2909 432 2980 hominem,
446 2910 495 2967 sui
507 2909 661 2984 nescium,
674 2909 871 2990 regionisque
884 2907 1044 2987 ignarum,
1058 2922 1138 2984 quos
1152 2897 1198 2958 illi
1211 2899 1308 2961 affec-

255 3009 304 3055 tus
317 2996 378 3054 det.
392 2995 476 3071 Quid
489 2994 568 3054 illud
580 2997 702 3054 exacta?
719 2995 855 3076 explica,
875 2992 1042 3074 diligenter
1053 2990 1254 3069 investigata,
1275 3000 1307 3048 et

257 3082 430 3166 explorata:
441 3079 634 3164 parenthesis
645 3083 731 3161 (nom
745 3079 856 3142 inculta
866 3081 972 3155 videt,)
983 3078 1121 3140 continet
1132 3078 1306 3152 rationem,

257 3195 313 3236 cur
325 3171 528 3245 dubitaverit,
542 3169 656 3230 feraene
671 3191 711 3228 an
725 3169 869 3229 homines
884 3189 920 3228 ea
932 3168 1003 3228 loca
1016 3166 1195 3226 habitarent
1207 3187 1213 3224 ι
1227 3185 1305 3224 nam

257 3267 313 3326 ubi
331 3263 418 3323 nulla
435 3272 509 3319 sunt
525 3255 623 3318 houm
639 3258 769 3336 vestigia
788 3257 881 3316 ducta
898 3267 1016 3330 aratro,
1034 3250 1091 3314 ubi
1108 3250 1197 3312 nulla
1219 3266 1306 3326 sata,

257 3354 333 3436 quid
348 3365 383 3412 tu
393 3345 565 3412 existimes?

259 3483 371 3534 effectus
379 3477 543 3550 implendos,
553 3475 613 3528 talis
623 3477 691 3527 mitti
700 3495 757 3547 per·
800 3475 914 3548 Propter
931 3471 1019 3525 illud:
1038 3471 1182 3524 «Cunctus
1200 3468 1235 3520 ob
1252 3467 1306 3518 lta·

260 3576 340 3622 sona,
360 3575 417 3627 quae
432 3571 626 3629 praeceptorum
643 3559 757 3609 auctori·
801 3554 864 3605 liam
886 3568 1016 3605 terrarum
1037 3550 1170 3604 clauditur
1192 3546 1303 3598 orbis„

259 3649 331 3700 tate,
347 3631 448 3704 duplici
459 3641 561 3688 rationo
574 3635 702 3698 deducta,
714 3655 757 3688 ce-
801 3635 871 3685 Bene
884 3633 991 3684 Servius
1009 3631 1135 3684 admonet
1152 3625 1237 3678 serbo
1254 3644 1306 3696 pa-

261 3715 340 3767 letius
355 3725 514 3779 maturaret,
532 3714 634 3766 alarum
647 3717 756 3784 juvante
802 3723 874 3764 teant
882 3713 957 3764 innui
965 3709 1087 3762 habitum
1097 3720 1123 3760 et
1133 3709 1247 3768 formam
1255 3723 1306 3774 pa-

258 3791 389 3848 subsidio.
400 3793 494 3843 Donat.
733 3846 735 3852 ,
803 3795 863 3844 cis:
886 3791 937 3844 hac
958 3792 1028 3843 enirn
1048 3799 1191 3858 regnante,
1214 3784 1306 3834 omnia

306 3872 364 3938 298.
392 3871 426 3921 Ut
447 3859 525 3922 terne.
545 3874 656 3943 Propter
674 3871 757 3939 illud,
802 3887 952 3943 perenc-
967 3873 1006 3923 De
1023 3867 1149 3920 Mercurii
1168 3865 1304 3937 legatione

263 3950 337 4026 quod
353 3949 487 4018 sequitur:
506 3971 516 3994 n
530 3951 652 4020 Hospitio
671 3953 760 4024 prohi·
803 3952 981 4004 consulendus
992 3961 1031 4002 est
1042 3947 1173 4000 Excursus
1185 3945 1226 4012 X,
1239 3958 1303 3996 torn.

262 4035 356 4085 bemur
371 4045 463 4080 arenae.
482 4049 493 4072 n
513 4057 545 4066 -
558 4031 670 4083 Pateant
682 4049 757 4085 arces.
803 4034 842 4102 ll,
857 4051 919 4105 pag,
937 4047 994 4100 ¹9¹·
