2700 4586
355 301 406 364 IN
432 297 666 364 AENEIDOS
689 301 782 364 LIB.
808 301 833 362 Ι.
1071 305 1111 374 65

70 424 167 485 altera
177 436 248 486 erat
259 445 358 484 vacua
371 425 488 484 amissis
499 425 608 482 armis:
621 421 787 482 transfixus
798 437 864 482 erat
873 421 960 486 hasta
969 428 1114 510 Achillis,

70 513 159 592 cujus
169 511 270 574 hastae
282 533 353 593 pars
365 511 434 587 illa,
455 531 523 593 quae
537 524 583 571 est
597 511 637 570 ad
652 521 813 592 σαυρωτῆρα,
834 533 964 594 quaeque
978 519 1114 582 restabat

72 622 90 658 a
101 602 253 662 transfixo
265 623 380 684 puero,
398 613 512 660 terram
524 599 680 660 sulcabat:
696 613 791 682 caput
806 604 884 662 circa
897 604 999 664 solum
1011 608 1114 670 trahe-

73 686 181 764 hatur3
200 691 344 772 illudque
360 687 526 762 verrebant
539 709 655 760 comte:
676 692 741 770 ipse
756 704 839 750 totus
855 707 921 752 erat
935 700 1113 778 resupinus,

75 792 165 858 atque
182 795 268 840 extra
283 801 425 854 currum,
446 781 500 861 qui
521 779 637 839 idcirco
654 781 773 854 inanis,
791 793 914 848 tanturn
932 783 1004 844 inde
1020 787 1114 868 pedes

74 864 295 947 illigahantur:
310 889 442 952 puerum
455 867 514 928 hoc
526 867 637 927 habitu
651 868 766 927 turbati
780 872 852 950 equi
865 891 922 951 per
934 875 1030 933 aciem
1043 897 1115 960 rap-

75 955 191 1016 tabant.
211 958 307 1032 Vide,
328 957 420 1039 quale
439 969 516 1016 esset
533 955 619 1015 istud
640 956 865 1036 spectaculum,
889 965 1060 1038 praesertim
1082 969 1115 1026 in

74 1063 173 1122 puero
198 1043 329 1119 decoro,
353 1059 382 1105 et
403 1064 536 1124 agnosce
559 1063 710 1122 magnum
734 1056 868 1122 poetam.
895 1046 940 1105 De
963 1047 1064 1111 Rheso
1086 1071 1117 1114 et

73 1131 180 1192 Troilo
194 1133 264 1194 vide
276 1137 430 1202 Excursus
444 1133 514 1190 XVI
529 1145 558 1190 et
572 1131 671 1206 XVII,
692 1143 767 1190 tom.
780 1133 823 1206 ll,
845 1153 915 1212 pag.
929 1155 982 1194 201
998 1152 1030 1196 et
1045 1159 1116 1216 2023

75 1231 169 1298 atque
181 1233 315 1282 notaset
326 1213 428 1280 sarias
442 1219 607 1288 lectiones,
620 1219 754 1292 ibidem,
766 1239 836 1298 pag.
853 1223 906 1278 128
919 1234 950 1279 et
962 1242 1048 1307 seqq.

112 1302 182 1386 479.
201 1309 301 1366 sitin
318 1327 442 1366 summo
459 1305 653 1378 discrimine,
673 1303 823 1384 Trojanas
840 1306 985 1368 foeminas
1006 1315 1116 1377 coniu-

16 1441 17 1484 3
74 1394 154 1473 gisse
176 1393 392 1476 adtemplum
414 1393 565 1467 Palladis,
589 1391 781 1472 adhibetque
801 1408 893 1452 notas
914 1394 1118 1464 foeminarum

74 1493 133 1540 tres
144 1503 151 1538 :
166 1495 272 1540 errant
281 1485 372 1563 passis
383 1479 523 1553 crinibus,
537 1484 640 1554 tristeS,
654 1479 861 1560 turucepulmt's
867 1497 992 1561 pectora.
1003 1489 1119 1551 Omnia

75 1589 113 1626 ex
126 1588 213 1629 more
228 1569 409 1650 supplicum
420 1591 427 1627 :
441 1589 514 1627 nam
526 1587 587 1626 vox
599 1566 765 1650 suppliciter
778 1566 937 1628 referenda
952 1587 997 1633 est
1010 1579 1050 1636 ad
1064 1601 1120 1640 no-

16 1727 17 1730 ,
78 1669 123 1714 tas
135 1677 262 1716 omnes:
277 1677 369 1737 poeta
382 1677 456 1716 vero
466 1653 615 1736 proeclare
625 1655 793 1735 conjunxit
804 1677 876 1716 cum
889 1659 1031 1737 tristitia;
1044 1687 1120 1726 narn

76 1763 137 1802 non
153 1745 256 1802 omnis
269 1745 397 1804 tristitia
406 1744 537 1825 supplex
547 1758 611 1803 est:
626 1764 728 1825 neque
739 1743 801 1804 hoc
810 1759 948 1823 tantum,
959 1751 1012 1809 sed
1024 1757 1120 1814 etiam

16 1899 17 1912 ἢ
76 1830 191 1912 peplum
201 1832 352 1914 serebant,
373 1855 436 1914 quo
456 1833 528 1891 diva
550 1847 629 1893 esset
648 1831 763 1906 lenior3
786 1855 866 1893 nam,
877 1841 1041 1918 proprium
1061 1843 1121 1906 hoc

16 2031 18 2110 l

16 2137 18 2220 l

77 1917 140 1998 ejus
153 1919 284 1979 donum.
297 1923 397 1982 Vocat
411 1919 571 1983 Palladem
586 1922 734 2001 iniquam,-
749 1941 822 1979 nam
836 1943 905 2002 quae
919 1923 1023 1986 hahita
1039 1932 1122 1992 inter

77 2008 220 2068 tutelaria
230 2009 331 2088 Trojae
342 2011 489 2084 numina,
501 2010 616 2069 Graecis
626 2009 713 2069 favit.
724 2012 778 2069 Est
787 2008 839 2068 hic
850 2032 961 2086 avena,
974 2036 1122 2096 renuens,

77 2117 261 2177 aspernans,
282 2099 513 2180 indignansque
534 2099 574 2156 ad
596 2104 701 2178 preces
723 2096 941 2158 foeminarum?
964 2103 1051 2183 cujus
1077 2112 1122 2168 rei

77 2197 148 2244 nota
167 2198 242 2246 sunt
260 2184 357 2259 oculi3
381 2207 461 2268 quos
480 2187 564 2246 enirn
584 2185 732 2246 nolumus
752 2187 882 2261 intueri,
902 2189 935 2245 in
952 2187 1023 2250 illos
1039 2194 1120 2255 male

77 2287 208 2335 emmau
223 2293 341 2332 sumus.
366 2325 369 2332 .

113 2360 182 2435 483.
194 2363 341 2422 Procedit
354 2365 486 2444 pictura.
503 2364 590 2424 Vidit
604 2367 637 2424 in
650 2366 823 2446 parietibus
837 2365 962 2448 templi,
980 2371 1026 2430 uti
1039 2372 1119 2433 Hec-

16 2435 17 2494 Ῑ
76 2463 173 2509 torem
184 2448 322 2511 Achilles
335 2455 532 2534 raptavisset3
552 2457 598 2514 uti
614 2456 698 2515 idem
714 2455 813 2515 hostis
829 2457 977 2518 venderet
993 2461 1118 2522 Priamo

16 2737 18 2798 l

16 2827 18 2864 l

16 2897 17 2960 l

16 2961 18 3014 l

16 3069 19 3102 t

16 3219 18 3294 t

77 2537 210 2598 cadaver
220 2541 380 2615 Hectoris,
401 2541 498 2623 idque
514 2563 609 2602 auro:
620 2546 782 2607 Excitatur
795 2565 869 2604 vero
881 2543 933 2604 hic
946 2547 1056 2626 ingens
1068 2571 1119 2630 ge-

109 2724 177 2790 480..
189 2727 279 2780 Passis.
296 2729 468 2800 Participium
483 2741 523 2780 est
540 2729 573 2780 ab
618 2747 666 2784 nas
682 2730 872 2781 solutis-fuisse
887 2730 983 2792 comis,
1000 2741 1029 2778 ut
1046 2731 1119 2800 apud
1142 2751 1144 2756 ‘

76 2821 127 2868 eo,
144 2805 217 2874 quod
225 2821 265 2858 est
277 2809 397 2879 pendor.-
410 2809 471 2862 ideo
485 2821 574 2862 autem
618 2809 723 2860 Graecos
733 2809 826 2858 tonsis.
840 2805 901 2856 vid.
913 2805 1084 2874 Plutarchus,
1095 2811 1117 2862 ἐν
1141 2853 1144 2860 .

76 2901 131 2934 non
141 2883 205 2936 facit
214 2905 327 2957 pannas:
342 2890 406 2958 quia
416 2889 574 2959 plerumque
618 2882 689 2952 Ῥωμ.
701 2887 742 2940 ed.
752 2887 875 2939 Francos.
891 2886 970 2952 1620,
983 2906 1009 2957 p.
1023 2888 1081 2958 267.

78 2983 108 3028 n,
122 2964 196 3036 quod
209 2968 236 3018 in
247 2969 333 3038 prima
348 2968 423 3020 verbi
441 2970 574 3040 positione
597 2969 601 2973 ’
654 2966 714 3032 483.
737 2967 794 3018 Ter.
816 2967 935 3036 Augetur
954 2966 1116 3036 crudelitas,

78 3044 224 3111 invenitur,
244 3049 272 3098 in
291 3049 417 3118 prateriti
434 3051 575 3120 participio
622 3045 694 3116 quod
705 3053 824 3117 raptatus
837 3063 892 3098 non
902 3045 997 3110 semel,
1009 3059 1035 3097 et
1045 3049 1118 3116 quod

79 3143 130 3176 non
141 3138 181 3178 est
192 3149 199 3177 z
213 3127 247 3178 de
261 3147 314 3198 qua
326 3147 353 3179 re
367 3127 501 3199 euphonia
508 3129 578 3200 judi·
621 3129 692 3179 circa
701 3145 747 3178 eos
757 3146 862 3191 muros,
874 3143 940 3196 quos
949 3125 1121 3178 defenderat:

79 3217 120 3255 cat
132 3219 182 3256 :ut
196 3207 231 3258 ab
244 3225 275 3258 eo
286 3245 294 3272 ‚
307 3208 379 3278 quod
392 3221 434 3260 est·
446 3209 541 3260 tundor
551 3221 578 3261 et
621 3219 749 3278 tantaque
761 3209 813 3258 tuit
826 3207 934 3258 victoris
951 3207 1117 3273 immanitas,

78 3293 164 3338 marus
176 3287 261 3338 facit:
274 3299 320 3352 ut,
338 3288 453 3340 “Tunsae
467 3301 578 3360 pectora
622 3300 651 3338 ut
663 3289 733 3357 patri
745 3286 885 3337 orbitatem
900 3301 975 3334 suam
984 3283 1118 3337 venderet.

16 3425 17 3428 Ἴ
78 3363 247 3432 palmisn,et
257 3377 338 3418 tusus:
350 3379 395 3433 ut,
409 3369 491 3418 «Non
501 3369 578 3422 obtu-
621 3368 668 3418 Est
680 3380 768 3424 autern
785 3383 835 3436 pro
852 3363 945 3414 dolore
959 3364 987 3412 in
1000 3381 1121 3434 pronun-

16 3475 17 3480 =
78 3459 107 3493 sa
118 3443 186 3496 adeo
199 3459 334 3515 gestamus
347 3459 458 3517 pectora
464 3449 551 3498 Poeni.
564 3471 574 3494 n
623 3446 719 3498 cisndo
739 3441 918 3496 extollendum
932 3443 1053 3496 Hectoris
1070 3465 1121 3497 no.

16 3513 17 3580 l
78 3520 220 3576 Sciendum
232 3538 322 3577 tamen
333 3540 389 3591 est,
402 3526 464 3578 licet
473 3527 526 3578 alia
535 3545 579 3578 eu·
621 3545 702 3590 men,
729 3537 755 3576 et
777 3520 887 3574 Achillis
909 3520 1119 3592 deprimendum.

77 3601 183 3672 phoniae
194 3622 279 3656 causa
287 3607 438 3670 varientur,
448 3605 490 3658 vel
499 3608 527 3660 in
536 3626 578 3678 ge·
594 3633 598 3641 ·
622 3606 688 3672 Quis
702 3605 772 3655 enim
786 3613 919 3654 mortuum
934 3601 1054 3654 vendidit
1069 3608 1122 3659 nisi

78 3683 201 3749 neruus,
220 3683 264 3736 vel
285 3685 313 3734 in
334 3687 467 3749 numeris,
490 3695 579 3736 nactus
623 3684 739 3755 impius?
757 3682 822 3747 Quis
836 3683 872 3735 ‚in
895 3686 1122 3752 regnopositus,

79 3772 166 3814 tamen
185 3775 213 3814 et
226 3781 331 3834 passus,
350 3783 368 3814 n
384 3765 490 3835 penitus
509 3783 579 3816 nun·
624 3762 739 3831 ideoque
755 3759 841 3824 dives,
859 3778 953 3814 aurum
967 3759 1121 3832 desiderat,

79 3857 161 3910 quam
177 3844 311 3913 accipere.
328 3844 397 3895 Serv.
414 3871 449 3881 -
467 3844 581 3897 Crinibus
625 3842 676 3892 nisi
691 3841 803 3892 avarus?
818 3840 887 3910 Ergo
904 3841 1000 3909 impius
1017 3855 1045 3893 et
1060 3862 1123 3896 avs-

16 3961 17 3992 ,
78 3923 292 3990 posishlludit
310 3923 468 3976 admorem
484 3926 581 3976 Roma·
626 3919 808 3972 rus·Achilles.
822 3921 860 3972 De
872 3919 913 3970 his
924 3919 968 3971 adi
977 3921 1123 3976 Excursum

80 4018 158 4068 num,
172 4021 228 4074 quo
241 4015 347 4056 constat
365 4006 395 4058 in
407 4003 481 4058 luctu
497 4004 582 4056 ioemi-
627 4002 725 4069 XVIII,
738 4016 801 4054 tom.
813 4003 849 4064 11,
860 4020 921 4074 pag.
934 4001 992 4054 203.
1005 4043 1006 4048 ¹

153 4090 179 4142 6.
932 4086 947 4140 5
