2670 4596
383 278 723 362 n1sou1s1r10.
981 313 1073 354 xixa

41 417 126 495 parte
142 399 234 490 alia,
256 400 427 474 mortales
450 402 528 500 ejus
552 419 616 473 aut
634 427 704 500 ope
723 401 916 495 subnixos,
937 425 1000 479 aut
1020 415 1073 484 ira

40 517 231 615 depressos,
246 517 399 617 perinde
410 544 451 590 ac
463 523 491 590 si
506 523 544 592 in
562 519 721 618 aliquem
735 505 882 600 novum.
891 522 1073 626 longeque

41 659 135 732 supra
156 660 226 708 nos
250 641 413 735 positum
434 637 580 726 orbern,
608 655 643 710 et
663 643 834 712 carminis
855 658 1010 734 actores,
1039 664 1073 720 et
1105 635 1114 644 ⁶

42 752 103 844 ipse
115 766 263 838 auctor,
281 767 317 822 et
330 769 397 824 nos
412 749 560 824 lectores
577 751 847 826 transferamur.

80 864 157 934 Non
165 863 367 936 defuerunt
377 881 509 952 tamen,
518 869 595 962 qui,
608 866 867 938 Marmontollo
876 875 1072 966 praesertim

42 977 139 1067 duce,
161 979 306 1052 bellum
326 984 439 1078 spico,
454 985 608 1054 carmini
629 981 848 1070 indicerent,
870 988 939 1057 nisi
960 1002 1072 1070 totam

41 1094 284 1194 prodigiorum
300 1093 561 1191 supellectilem
576 1093 764 1192 abjiceret,
781 1118 889 1193 seque
903 1101 997 1172 intra
1011 1109 1073 1172 ‘ve-

40 1211 141 1280 ritatis
156 1209 265 1300 lines,
283 1214 417 1286 omisso
432 1209 505 1282 hoo
520 1225 731 1307 portentoso
748 1227 943 1308 apparatu,
963 1221 1075 1294 conti·
1136 1287 1138 1292 ,

42 1345 139 1398 neret.
155 1331 230 1400 Nos
244 1353 412 1426 quoquc,
432 1347 482 1404 ne
494 1332 668 1400 carminis
681 1327 837 1427 dignitas
856 1346 919 1402 aut
938 1335 990 1402 vis
1004 1337 1075 1423 im·

43 1445 148 1512 minui
170 1443 378 1532 videretur,
406 1441 522 1542 legem
551 1447 758 1533 sanximus,
789 1461 830 1516 ut
857 1471 899 1516 ex
923 1439 1075 1520 historia

42 1580 139 1651 quam
159 1561 319 1630 maxime
334 1562 500 1657 cognitos
516 1556 646 1632 heroas
660 1563 845 1657 acciperet.
868 1559 936 1632 Sed
955 1585 1075 1660 neque

43 1668 86 1740 illi
99 1676 170 1744 suis
184 1672 350 1770 partibus
365 1678 448 1748 satis
463 1673 572 1772 digne
585 1673 711 1774 fungi,
733 1701 800 1746 nec
815 1673 986 1750 laudibus
1000 1682 1074 1750 suis

40 1789 247 1884 respondere
258 1795 346 1866 satis·
360 1790 656 1889 dignepossunt,
673 1794 742 1862 nisi
758 1797 974 1870 sacrosancti
989 1819 1075 1892 pro·

40 1899 175 1992 cedant,
206 1903 426 2001 stipantibus
448 1903 516 1977 diis
536 1903 789 2002 auxiliumque
810 1905 1074 2002 praebentibus,

39 2031 93 2085 aut
106 2019 299 2096 minaciter
316 2033 350 2090 et
364 2043 454 2091 curn
467 2009 809 2108 iraobsistentibuo,
831 2036 872 2090 ut
891 2019 936 2092 de
953 2019 1075 2094 homi·

39 2155 120 2202 num
134 2131 385 2215 illorumfatis.
401 2159 528 2210 euram
545 2151 670 2232 gerant
681 2133 874 2232 olympus,
891 2152 982 2209 terra
992 2191 1009 2224 ,
1022 2141 1074 2209 in·

38 2241 114 2332 ieri,
129 2263 164 2318 et
177 2247 362 2346 quidquid
377 2249 534 2347 denique
546 2265 613 2336 est,
626 2247 683 2320 vel
696 2274 768 2322 esso
774 2247 1003 2348 intelligitur.
1017 2251 1075 2322 Sic

37 2361 83 2434 illi
92 2365 370 2462 quodammodo
379 2373 541 2466 ,gigantes
552 2371 734 2456 exsistent3
745 2371 795 2438 sic
806 2372 909 2466 epiro
920 2372 1073 2468 carmini

38 2495 205 2556 statuetur
221 2481 317 2552 ordo
331 2507 420 2554 suus
437 2487 477 2554 in
496 2481 691 2573 literarum
708 2506 820 2580 regno
841 2487 1000 2580 primus;
1023 2489 1074 2556 sic

38 2590 122 2666 illud
129 2594 208 2693 jam
222 2596 468 2695 rcrcrcgiun'r,
482 2613 518 2668 et
527 2584 610 2670 ante
619 2595 693 2668 alia·
699 2620 829 2693 genera
837 2595 1076 2684 collocatum,

39 2727 269 2806 exspectatam
282 2711 464 2810 praeqtobit
481 2711 777 2798 delectationem,
799 2736 867 2807 pro
882 2737 956 2808 qua
974 2709 1075 2792 debi-

37 2837 103 2892 tam
120 2823 404 2896 admirationem
419 2823 621 2922 imperabit
744 2909 745 2916 ἵ

82 2937 142 3009 Sin
156 2944 298 3030 minus3
317 2939 467 3012 historia
481 2956 625 3011 tantum
642 2936 818 3036 rhythmo
833 2937 966 3010 donata
978 2939 1073 3011 exhi·

40 3050 191 3144 bebitur,
215 3054 318 3154 quod
340 3053 444 3152 (non
461 3059 571 3126 timeo
591 3055 836 3151 interrogare)
863 3057 923 3124 eui
950 3053 1078 3126 bono?

38 3191 119 3240 narn
132 3169 330 3244 historiari
345 3169 440 3246 nihil
454 3170 563 3242 addas
578 3169 706 3269 praetor
719 3167 958 3267 rhythmum,
974 3186 1075 3239 natu-

39 3309 112 3354 ram
125 3286 202 3384 ejus
213 3284 392 3356 adulteres
404 3280 590 3372 funditus,
608 3301 642 3354 et
655 3283 814 3358 iormam
826 3307 958 3380 parum
970 3303 1077 3352 exor-

37 3421 107 3468 nes.
123 3399 311 3472 lusistatur
321 3413 505 3497 quantum
520 3395 606 3468 libet
621 3401 660 3469 in
679 3397 819 3466 Lucani
837 3392 1021 3491 exemplo,
1040 3411 1078 3466 et

37 3511 253 3588 Pharsaliam
271 3511 339 3612 pro
350 3517 401 3587 'so
412 3524 504 3586 stare
521 3507 800 3586 Mannontellus
820 3527 940 3582 noster
954 3510 1075 3584 excla-

35 3646 116 3701 met.
133 3627 338 3717 Pharsalia,
360 3631 540 3727 inquam,
569 3627 651 3716 lieet
670 3625 826 3695 minime·
846 3627 917 3695 sim·
933 3627 1076 3700 Lucani

35 3746 270 3830 obtrectator,
292 3745 401 3846 longe
418 3745 466 3818 ah
482 3749 585 3845 epici
597 3741 767 3816 carminis
785 3741 984 3814 virtutibus
998 3742 1076 3815 dis·-

33 3881 100 3954 tat3
123 3863 380 3964 quodscilicet
398 3863 503 3936 nulla
521 3861 949 3936 intervenientodeorum
967 3885 1077 3950 cura,

32 3980 137 4053 nullo
152 3977 662 4068 encomium-miraculorum
679 3973 888 4078 splendore,
907 3976 1000 4049 laeta
1017 3983 1078 4049 ni-
