2676 4602
343 323 394 386 ΙΝ
419 321 653 388 muninus
677 324 770 388 ms.
795 327 834 391 v.
1042 329 1105 418 329
1196 415 1199 418 Ι

101 453 179 532 700.
192 449 347 508 Successus
359 443 409 506 hic
425 447 568 522 navium,
587 461 621 506 nt
635 448 705 507 satis
721 449 858 526 acerbus,
872 451 998 512 AEneam
1014 451 1106 512 dnbi-

50 537 244 599 tabundum
256 532 405 608 reddidit,
419 547 449 594 et
465 535 543 594 mire
554 537 698 610 anxium,
710 557 750 596 an
764 537 878 598 oblitus
889 537 955 619 jam
967 539 1106 600 fatorum

56 628 212 688 resideret
223 628 256 686 in
270 623 386 697 Sicilia3
400 644 440 683 an
452 645 524 683 vero
537 624 574 683 ad
590 625 711 684 ltaliam
726 626 947 689 contenderet:
963 627 1036 690 hinc
1054 629 1106 688 ille

58 731 157 778 aestus
170 734 313 783 curarum
327 714 362 773 in
377 727 540 795 utramque
556 729 695 796 partem:
715 737 789 776 nam
809 737 878 798 qnae
896 739 957 780 esse
975 717 1106 801 majores

60 801 231 886 poterant?

101 889 173 972 704.
197 892 304 968 Quum
331 889 423 950 faciat
449 893 580 952 Nautem
600 893 812 954 consiliarium
830 896 946 970 AEneae,
965 899 1106 979 oportuit

54 979 250 1060 praemittere
260 977 563 1038 commendationem
574 977 639 1060 ejus
650 979 746 1056 hanc,
757 1001 843 1062 quem
853 1005 943 1044 unum
954 1003 1017 1065 prae
1027 983 1106 1044 mul·

50 1067 97 1126 'tis
109 1063 216 1126 Pallas
226 1066 338 1141 docuit,
353 1083 437 1148 quem
449 1066 571 1130 reddidit
581 1071 723 1151 insiqnem
733 1067 827 1131 multa
837 1084 912 1146 arte,
925 1070 1104 1153 multiplici·

55 1152 119 1212 bns
138 1151 279 1212 consiliis
297 1155 467 1235 sapientiae.¹
481 1155 571 1236 Atqui
590 1177 655 1218 non
670 1158 695 1216 is
714 1159 938 1239 interrogatus,
958 1180 1012 1219 cur
1030 1165 1102 1238 ergo
1168 1169 1172 1174 “

57 1245 220 1322 respousa?
238 1241 403 1302 Praeclare:
421 1262 567 1323 responsa
583 1244 667 1304 enim
681 1244 720 1305 ad
734 1244 808 1306 deos
825 1247 996 1327 pertinent,
1011 1258 1041 1306 et
1058 1247 1102 1305 ita

54 1330 185 1390 oracula
201 1330 369 1414 respondere
386 1331 591 1392 dicebantur:
607 1355 680 1416 ergo
697 1337 737 1411 is,
754 1355 846 1417 quem
866 1335 966 1396 Pallas
981 1334 1102 1410 docuit,

53 1417 241 1500 responden
264 1433 295 1482 ct
316 1419 409 1479 veluti
430 1419 536 1481 fundit
556 1421 697 1489 oracula,
720 1443 788 1503 quae
811 1444 828 1486 a
857 1423 914 1483 dea
936 1435 1099 1504 accepera-t.

53 1509 164 1587 Quum
177 1531 250 1570 vero
269 1513 381 1572 Nautes
398 1511 432 1570 in
449 1511 591 1570 oratione
607 1514 746 1593 sequenti
761 1512 825 1573 duo
842 1513 942 1586 dicat,
959 1511 1101 1574 videlicet

52 1611 178 1677 partem
195 1596 403 1679 Trojanorum
422 1599 658 1681 relinquendam
672 1602 707 1661 in
725 1600 825 1662 Sicilia
842 1601 925 1684 apud
945 1603 1099 1674 Acestem,

52 1707 131 1746 nam
144 1685 208 1747 hoc
220 1684 416 1748 indicabatur
428 1700 574 1769 portento
587 1687 644 1749 illo
664 1691 859 1750 incensarum
874 1691 1016 1761 navium3
1031 1709 1101 1770 pare

53 1787 118 1834 tem
129 1777 206 1836 item
216 1775 486 1837 transmittendam
497 1779 530 1837 in
542 1779 673 1840 navibus
682 1779 900 1860 superstitibus
910 1777 948 1838 ad
961 1777 1098 1850 ltaliam)

53 1883 157 1942 quum
168 1861 239 1938 hoc,
255 1865 394 1945 inquam,
405 1863 543 1924 dicturus
555 1867 727 1943 sitllautes,
736 1865 859 1928 dubitat
870 1880 973 1947 poeta,
985 1885 1027 1924 an
1038 1861 1098 1923 hoc

51 1949 255 2010 consiliuma
270 1950 399 2012 deorum
419 1952 465 2012 ira
479 1953 703 2034 proficiscatur;
719 1975 788 2016 nna
804 1955 876 2015 fatis
891 1956 933 2014 ita
945 1953 1097 2035 poscenti.

49 2038 254 2103 bus.·Temen
267 2043 291 2100 si
305 2039 408 2102 videas
422 2062 490 2122 quae
501 2044 612 2102 Nautes
621 2044 775 2125 loquitur,
790 2043 881 2125 plena
894 2057 967 2110 suut
978 2041 1096 2114 solatii;

49 2126 154 2188 demit
168 2131 252 2189 enirn
266 2151 367 2206 curas,
380 2143 409 2190 et
418 2129 529 2190 liberat
542 2135 682 2192 animum
695 2153 713 2191 a
726 2130 944 2194 sollicitudine.

89 2234 163 2296 7⁰9·
181 2215 243 2292 Qui
256 2231 349 2276 natus
361 2237 392 2276 es
404 2205 476 2292 dea,
488 2214 552 2276 fata
564 2237 707 2299 sequere,
717 2219 780 2277 sive
794 2237 957 2299 prospera,
970 2217 1033 2276 sive
1045 2214 1097 2273 adv

48 2322 158 2380 versa,
176 2302 236 2364 boc
248 2304 332 2364 enim
344 2302 471 2364 heroem
484 2303 579 2364 decet.
595 2306 666 2380 Quo
681 2326 754 2366 vero
765 2307 867 2366 acrius
881 2306 1005 2379 incitet,
1021 2321 1053 2362 se
1066 2313 1096 2362 et

50 2411 162 2454 omnes
172 2392 285 2456 eodem
297 2391 439 2472 conjicit,
459 2394 546 2473 qnasi
563 2391 666 2452 dicat:
689 2408 719 2453 et
732 2407 783 2469 tu,
803 2409 833 2456 et
849 2416 923 2478 ego,
942 2408 973 2456 et
986 2410 1095 2454 omnes

50 2499 236 2561 sequamur,
261 2499 324 2560 quo
340 2478 405 2552 fata
423 2477 550 2550 trahunt
568 2479 807 2565 retrahuntque:
828 2505 926 2566 quum
946 2477 1005 2556 ait,
1027 2493 1094 2542 nate

49 2566 122 2640 dea,
138 2565 261 2649 colligit
270 2567 538 2638 benevolentiamr
560 2582 590 2628 et
604 2590 662 2650 pro
678 2585 745 2633 tota
758 2574 902 2632 oratione
913 2567 1093 2642 sciendum,
1148 2609 1152 2614 -

49 2675 118 2714 rem
132 2655 185 2736 agi
199 2656 238 2714 ab
253 2657 442 2732 necessario,
456 2653 497 2716 ab
509 2654 661 2733 honesto,
675 2659 714 2718 ab
727 2659 807 2720 utili.
822 2662 896 2720 Fata
909 2657 1027 2718 habent
1041 2674 1093 2714 ne·

50 2744 247 2820 cessitatem,
272 2759 303 2806 et
322 2746 480 2826 sequenda
494 2767 693 2828 quocumque
713 2745 860 2821 trabunt,
879 2745 1091 2806 retrahuntve.

50 2832 161 2908 Quum
177 2833 238 2908 ait,
256 2847 299 2896 est
314 2833 364 2894 tibi
379 2835 561 2908 Dardanius,
581 2849 637 2903 etc,
657 2837 812 2916 expositio
829 2850 875 2897 est
892 2834 931 2894 ab
947 2833 1092 2895 honesto.

48 2923 122 2980 Jam
133 2941 230 3000 quum
240 2923 362 2999 subdit,
373 2925 454 2984 Huic
464 2922 543 2983 bnde
550 2969 559 2997 ,
572 2938 645 3000 etc.,
657 2946 723 2984 rem
733 2925 858 2990 deducit
867 2926 906 2989 ab
917 2922 1003 2984 utili:
1018 2918 1092 2981 utile

49 3013 137 3072 enim
148 3008 323 3092 relinquere
335 3033 414 3078 onus
426 3013 519 3080 inane
531 3033 640 3082 senum
656 3029 687 3074 et
697 3014 908 3082 foeminarum,

93 3120 161 3182 7¹¹·
177 3099 432 3182 Quaepraemisit,
451 3116 525 3168 sunt
544 3102 616 3164 loeo
637 3103 774 3164 exordii:
799 3105 844 3162 ait
860 3105 944 3183 janu
967 3113 1014 3160 est
1033 3095 1090 3156 tibi

48 3191 173 3250 Acestes
188 3191 282 3289 stirpis
299 3189 420 3265 divinae,
442 3193 516 3272 quia
529 3192 715 3266 Dardanius,
737 3205 767 3252 et
782 3189 947 3252 Dardanus
962 3186 1090 3269 quidem

48 3275 167 3337 relatus
179 3289 267 3336 estin
276 3279 367 3338 Deos.
382 3279 475 3339 Hunc
488 3292 612 3360 oportet
622 3279 758 3340 consiliis
767 3279 829 3338 tuis
839 3279 942 3358 capias
954 3273 1089 3346 socium,

48 3383 148 3446 quum
159 3363 227 3444 ipse
239 3366 413 3444 praesertim
424 3365 515 3428 velit:
535 3365 620 3428 trade
632 3365 705 3427 huic
719 3367 839 3448 primo,
855 3365 909 3445 qui
922 3372 1087 3442 superant,
1192 3442 1197 3450 ἱ
1221 3437 1224 3445 1

48 3558 97 3600 ant
109 3546 278 3600 resolvuntur
288 3550 315 3601 in
328 3551 443 3604 cinerem
455 3572 462 3604 z
474 3551 547 3625 quod
593 3549 666 3624 qnod
674 3567 755 3622 snpra
763 3546 1017 3619 diximumfingitnr,
1025 3546 1090 3616 quia

48 3625 170 3680 naturale
181 3639 221 3678 est
231 3640 292 3699 post
302 3629 464 3682 incendium.
475 3631 546 3684 Serv.
591 3633 649 3703 ipse
672 3631 783 3682 Romam
809 3627 957 3686 Palladium
978 3625 1086 3687 detulit3

86 3706 146 3776 7⁰⁴·
168 3706 234 3757 Tum
251 3707 337 3758 senior
354 3709 460 3760 Nautes.
476 3711 545 3763 Bene
591 3711 662 3763 unde
673 3710 835 3762 Nautiorum
849 3708 950 3761 lamllia
961 3706 1087 3759 Minervae

49 3785 173 3839 daturum
185 3784 325 3846 consilium
335 3799 362 3836 et
372 3786 406 3837 ab
417 3800 507 3855 estate,
519 3799 545 3840 et
590 3807 665 3840 sacra
673 3787 805 3842 retinebat
816 3786 991 3858 :quodetiam
1001 3787 1086 3838 Varro

50 3863 278 3935 aprnden‘tia'set
296 3863 455 3936 irreligione
473 3884 544 3918 com·
589 3868 668 3922 docet
685 3867 819 3934 inlibris,
839 3871 906 3937 quoi
924 3866 958 3919 de
978 3865 1089 3920 familiis

50 3942 167 3996 mendac.
177 3943 260 4010 Quod
273 3943 451 4010 autemdicit,
464 3945 550 4000 urat·
588 3949 710 4019 Trojauis
717 3949 830 4020 scripsit.
836 3947 968 4001 S.·-Vide
976 3948 1084 4017 Dionys.

49 4023 89 4091 las
100 4041 177 4094 qnern
188 4022 300 4087 docuit»
317 4045 323 4075 :
337 4035 448 4095 propter·
459 4023 544 4092 illud,
589 4027 647 4081 Hal.
658 4028 704 4081 lib.
713 4029 761 4099 Vl,
772 4027 920 4094 et‘l'umeb.
930 4027 1028 4093 xxv1,
1044 4041 1085 4106 tp,
