2644 4614
234 270 296 338 510
557 255 964 331 COMMENTARIA'

271 391 338 471 439.
354 391 458 450 &rma
471 391 665 468 προτρεπτικὸς,
684 387 722 447 ad
739 387 904 470 Cyclopas,
923 407 986 468 quo
1001 386 1110 468 jubet,
1128 403 1166 449 ut
1177 393 1273 450 omnia

232 479 337 545 simul,
351 497 425 540 nam
434 474 498 536 baec
508 489 580 536 aunt
589 490 709 551 cuncto,
720 476 980 549 indeamovean13
992 493 1023 538 et
1035 477 1165 553 labores,
1179 501 1273 560 quam-

231 571 278 628 vis
287 580 405 650 coeptos,
419 563 578 641 auferant,
592 579 622 624 et
631 563 798 624 differant:
814 565 892 645 quin
905 565 974 624 vult
986 577 1107 625 attente
1118 566 1237 642 audiri,
1246 579 1273 624 ut

231 659 264 716 in
278 677 309 714 re
322 655 417 735 gravi.

268 743 338 820 44ι.
348 745 390 804 Ut
401 744 434 802 in
447 762 479 802 re
490 741 726 815 festinabunda,
736 761 803 801 nou
815 743 901 800 euim
913 739 977 801 alio
988 740 1142 816 exordio,
1159 742 1212 802 sed
1224 757 1272 801 sta-

229 835 297 905 tim,
309 829 384 912 quid
395 830 480 904 velit,
491 830 607 909 aperit:
621 828 887 913 oammfooisnda:
898 827 970 888 cui?
978 831 1042 888 υἰνο
1052 832 1130 904 acri,
1141 830 1272 901 militari,

228 923 303 984 forti
315 945 322 980 :
334 941 389 1003 pro
401 941 463 1002 quo
474 941 573 994 nunc,
584 919 659 1000 quid
670 921 801 995 mirum,
811 919 896 979 loris
909 922 1004 978 etiam
1016 919 1143 980 fulmen
1153 923 1273 996 ,Martis

230 1027 377 1082 currum,
397 1007 534 1088 AEgidem
549 1006 684 1068 Palladis
696 1006 873 1067 differatis?
892 1005 947 1067 hic
956 1007 1034 1066 volo
1054 1029 1150 1068 usum
1167 1011 1273 1068 virium

231 1110 416 1170 vestrarum3
430 1094 478 1156 bic
490 1115 601 1154 manus
613 1094 752 1176 rapidas3
764 1093 815 1154 bic
827 1107 923 1154 artem
936 1113 1086 1170 omnem,
1102 1097 1138 1154 in
1152 1117 1215 1177 qua
1229 1115 1273 1154 vos

229 1187 403 1268 magistri.»

268 1271 337 1348 443.
349 1271 513 1332 Conclusio
524 1291 558 1330 ex
569 1270 660 1331 dictis
671 1293 678 1330 :
691 1291 787 1352 quum
798 1271 841 1330 ita
850 1271 899 1344 sit,
908 1291 927 1330 0
940 1292 1006 1345 vos,
1015 1291 1148 1331 omnem
1160 1291 1273 1330 moram

229 1361 340 1422 tollite.
362 1362 421 1420 Vix
439 1358 520 1432 baec,
543 1357 704 1439 quantilli
724 1379 833 1439 ocyus,
854 1359 1117 1440 festinantiusque
1134 1358 1229 1418 solito
1242 1357 1272 1417 ad

229 1451 424 1532 presentiam
444 1450 491 1512 aui
510 1450 600 1529 Regis
618 1445 802 1522 incubuere,
824 1448 940 1528 quippe
959 1448 1095 1508 Vulcani
1115 1449 1273 1529 praesentia

230 1540 377 1621 urgebat,
390 1538 490 1598 diviso
500 1540 581 1598 inter
590 1558 696 1598 omnes
706 1535 823 1598 labore.
833 1537 913 1596 Vide
922 1555 1015 1612 vero,
1026 1559 1067 1598 an
1078 1537 1272 1608 festinantem

231 1649 304 1688 nam
323 1630 374 1688 vix
385 1627 517 1709 jusserat
529 1628 702 1698 Vulcanus,
723 1647 819 1708 quum
830 1625 894 1706 jam
907 1645 966 1700 aas,
986 1644 1119 1701 aurum,
1147 1627 1273 1696 ferrum,

229 1736 288 1797 pro
303 1714 384 1776 ferro
397 1718 480 1776 enim
493 1715 656 1797 chalybem
670 1717 779 1796 ponit,
791 1715 908 1788 fluunt,
924 1717 1034 1774 omnia
1047 1715 1177 1794 ignibus
1194 1713 1272 1772 colli-

230 1802 388 1884 quefacta,
404 1824 439 1862 ac
451 1803 585 1863 formata
597 1805 630 1862 in
643 1805 742 1878 rivos,
757 1805 790 1862 in
803 1803 981 1862 vastissimis
993 1803 1055 1861 illis
1069 1801 1257 1861 fornacibus.

269 1884 338 1967 447.
352 1889 494 1967 Sequitur
507 1889 609 1948 forma
621 1889 739 1971 clypei,
754 1892 809 1972 qui
824 1891 950 1970 ingens,
965 1905 995 1949 et
1010 1910 1081 1949 cum
1098 1902 1218 1969 septem
1230 1907 1271 1945 or·

230 1971 340 2049 bibus,
361 1977 470 2056 septies
489 1974 630 2036 videlicet
648 1978 853 2060 multiplicata
872 1978 992 2037 fabrica
1015 1993 1045 2038 et
1066 1997 1230 2036 connexa:
1249 1987 1271 2032 et
1310 2015 1311 2028 .

231 2060 320 2122 addit
332 2064 365 2122 in
377 2084 523 2139 excursu,
537 2081 631 2125 unum
641 2066 731 2126 illum
742 2069 843 2127 AEneae
856 2066 1002 2148 clypeum
1016 2067 1084 2126 fore
1093 2080 1203 2126 contra
1217 2085 1271 2124 om·

230 2152 284 2212 nia
297 2153 480 2212 Latinorum
497 2171 601 2212 arma:
622 2173 660 2212 en
675 2151 740 2232 jam
756 2153 908 2214 formatus
924 2155 1070 2236 clypeus:
1091 2155 1144 2212 vix
1164 2167 1271 2211 tantam

231 2240 338 2300 animo
348 2239 559 2300 festinantiam
570 2239 830 2322 comprehendas,
840 2253 993 2322 quantam
1001 2240 1179 2324 Cyclopum
1189 2257 1271 2319 opere

231 2327 421 2407 significavit
433 2341 533 2409 poeta.
1078 2341 1083 2348 ·

271 2413 340 2494 449.
359 2417 447 2478 Redit
463 2419 568 2478 statim
581 2419 620 2480 ad
638 2417 783 2494 artifices3
804 2440 878 2478 nam
895 2415 1053 2480 fabricato
1066 2415 1135 2499 jam
1153 2416 1269 2498 clypeo,

232 2505 358 2566 deerant
377 2528 462 2567 arma
481 2508 618 2589 reliqua,
645 2508 791 2590 gladius,
804 2507 932 2584 thorax,
957 2507 1203 2588 οπως-83163,
1224 2517 1269 2562 etc.

231 2597 305 2654 Haec
316 2610 361 2655 est
373 2617 461 2656 mens
473 2612 591 2679 poctac3
607 2620 681 2658 nam
695 2600 817 2658 tametsi
831 2619 897 2658 non
910 2601 1071 2674 nominet,
1086 2611 1194 2657 tamen
1209 2593 1269 2654 reli·

229 2771 352 2843 levigata.
374 2772 515 2826 Politianas
534 2775 647 2830 Miscell.
666 2793 726 2848 cap.
774 2777 845 2847 peris
870 2778 1026 2829 necessaria
1048 2775 1222 2837 tollerentur,
1245 2781 1268 2820 tt
1308 2755 1309 2790 ¹

230 2855 393 2923 47,scribit,
401 2857 544 2910 etiamnum
552 2859 641 2910 Rornae
649 2861 729 2910 mmu-
775 2874 851 2928 mma!
860 2855 899 2908 illi
909 2857 1014 2909 fierent.
1028 2858 1126 2908 Donat.

229 2932 332 2985 lacrum
343 2933 459 2987 Palladis
469 2935 554 2988 videri
568 2937 663 3010 AEgida
672 2957 729 3009 ges·
807 2929 868 3002 ddi.
882 2935 966 2986 Arma
978 2938 1033 2988 acri
1047 2937 1111 2987 uiro.
1124 2931 1266 3005 suppressit

229 3025 289 3066 tans
314 3031 458 3084 squamoso
481 3015 628 3068 draconum
653 3020 728 3069 corio
772 3016 848 3082 cnjus
860 3033 971 3081 caussa,
985 3035 1021 3068 ns
1031 3015 1111 3068 nimis
1123 3011 1268 3066 uxoriusvi·

230 3094 427 3146 circumtectam
437 3113 443 3142 a
454 3093 571 3164 planant
578 3093 622 3147 bic
630 3095 729 3150 descri-
772 3094 881 3146 deretur
892 3117 897 3144 :
908 3105 964 3148 'nec
974 3097 1100 3147 nominat
1113 3096 1267 3166 privignum,

229 3171 309 3224 bitur.
325 3173 433 3224 Taubm.
773 3178 819 3246 qui
836 3179 955 3229 naturali
972 3178 1076 3230 malitia
1094 3177 1206 3227 odiosus
1223 3187 1267 3224 esse

265 3252 325 3321 439.
341 3251 436 3303 Tollite
444 3263 550 3319 cuncto,
564 3254 656 3326 inquit.
668 3255 728 3310 Vile
771 3268 870 3325 potest.
882 3258 982 3308 Donat.

121 3381 132 3397 ,
229 3343 270 3383 cst
282 3330 354 3400 quod
367 3330 488 3400 plerique
497 3330 728 3405 dicunt,prnpter
807 3335 867 3402 446.
883 3333 1087 3408 Vulnificusque
1101 3335 1219 3406 Chalybs.
1231 3335 1267 3384 Pu
1306 3345 1307 3390 l

229 3428 304 3462 arma
324 3411 418 3462 Martia
435 3412 611 3464 iratum-nass
627 3415 728 3469 Vulca-
771 3414 864 3484 pulum
882 3415 957 3486 apud
980 3430 1049 3486 quos
1070 3419 1208 3478 nascitur,
1229 3431 1267 3484 pro

229 3505 307 3553 num,
324 3491 470 3560 pracsertim
488 3507 571 3560 qtrum
586 3505 612 3544 at
624 3507 727 3546 arment
770 3495 1268 3568 ferropoauit.-LiquescitDiritpro

228 3566 376 3621 Minervam
401 3583 427 3621 et
452 3570 584 3624 fabricent
611 3574 726 3630 fulmina
769 3575 917 3644 prie;nam
927 3577 1033 3627 ferrum
1045 3595 1101 3628 non
1112 3595 1219 3646 semper
1228 3572 1268 3624 sol·

228 3642 377 3714 Cyclopes:
404 3661 431 3700 et
453 3650 588 3702 Vulcanus
612 3652 725 3721 dixerit,
768 3656 852 3720 titur,
872 3653 920 3706 sed
933 3655 1078 3708 mollescit.
1092 3656 1266 3710 Sem-Hoc
1305 3639 1306 3686 l

230 3741 241 3766 a
256 3720 359 3775 Cuncta
376 3726 471 3780 tollite.
487 3753 499 3776 a
525 3733 594 3802 Ergo
605 3732 724 3800 Tollite,
768 3751 851 3804 genus
861 3735 926 3785 ferri
939 3735 1098 3787 densissimi
1109 3749 1136 3788 et
1146 3733 1267 3788 durissimi

227 3811 274 3888 aut
286 3797 407 3868 differte,
420 3819 472 3872 est,
490 3825 536 3860 aut
548 3810 660 3862 celerius
673 3825 725 3866 ter·
769 3813 869 3866 Gallice
882 3827 1012 3882 vocatur,
1027 3817 1106 3868 acicr.

228 3887 335 3926 minate.
352 3879 422 3932 Sero.
433 3911 467 3922 -
477 3885 580 3939 Tollite.
598 3889 725 3961 Magnum
804 3893 864 3962 449.
879 3894 1006 3948 Venturis.
1027 3896 1134 3948 Ventos
1146 3893 1267 3970 gignenti-

229 3955 315 4006 ΕΜ
332 3958 467 4025 meritum,
484 3965 559 4032 quod
570 3981 667 4020 cuncta
678 3987 725 4024 su·
769 3972 835 4025 bus:
849 3972 934 4024 aliter.
951 3997 964 4021 n
973 3973 1100 4028 Ventosa
1109 3995 1162 4047 per
1175 3989 1267 4046 equora
