2646 4606
203 281 267 371 37⁶
532 273 914 378 COMMENTARIA

200 403 318 486 ollisque
332 413 474 485 sequetur,
487 403 520 463 Si
531 415 556 462 te
557 403 628 484 fata
637 413 749 462 uocant.
763 401 845 482 Ergo
852 398 918 481 jam
927 409 1094 482 promptus
1104 399 1258 478 Charon,

200 510 231 556 et
243 515 316 554 cum
328 493 495 574 obsequio,
507 491 628 552 aduertit
636 493 756 572 puppim
761 515 773 564 ;
785 493 998 572 appropinquat
1011 493 1082 572 ripa
1087 517 1099 566 ;
1112 506 1143 553 et
1153 493 1254 555 detur·-

201 583 249 644 bat
265 582 340 642 alias
356 585 485 654 animas,
502 602 567 662 quae
584 579 719 640 sedebant
729 601 781 662 per
790 577 867 661 juqa
882 578 989 660 lonqa:
1009 601 1087 661 cape
1105 603 1168 663 per
1173 580 1255 664 jupa

199 671 287 732 sedes
297 673 449 732 nauticas:
463 668 642 752 laxatforos‚
654 670 685 728 id
695 681 751 744 est,
761 681 916 728 vectorum
929 669 996 730 loca
1007 671 1144 752 :accipit
1155 669 1254 744 alueo,

199 763 371 842 capacitate
381 759 534 820 naviculae
544 761 668 819 AEaeam
679 760 833 838 inqentem,
843 758 1044 818 excellentem
1051 775 1088 819 -et
1098 775 1257 841 praestan-

200 862 262 908 tem
277 851 397 908 virum:
410 851 520 930 qemuit
531 847 649 929 cyatba,
665 848 739 928 quia
752 846 859 922 sutilis,
874 850 1045 929 praesertim
1057 847 1113 908 surb
1123 848 1256 930 pondere

199 941 263 999 vivi
273 939 425 1013 hominis3
438 953 467 1000 et
477 941 551 1019 quia
563 940 684 1010 rimosa,
698 939 819 1019 accepit
830 937 963 998 multam
973 937 1093 998 undam
1104 939 1255 1021 paludis:

199 1026 327 1088 tandem
348 1027 474 1088 Charon
495 1026 567 1087 illos
586 1029 790 1086 transmittit:
810 1027 867 1100 ait,
889 1026 1019 1100 tandem,
1044 1047 1112 1109 quo
1138 1030 1256 1087 innuat

201 1118 337 1176 multum
351 1118 501 1198 temporis
516 1129 737 1197 consumptum
753 1116 786 1174 in
802 1115 1029 1195 transnatando
1042 1118 1183 1197 Cocyto,
1199 1117 1254 1197 qui

201 1217 284 1268 totus
303 1206 522 1288 paludinosus‚
541 1219 572 1266 et
592 1225 755 1266 coenosus:
778 1203 857 1264 illud
877 1206 996 1289 informi
1018 1204 1089 1266 limo
1112 1206 1255 1289 explicat

201 1296 338 1370 Servius,
353 1318 475 1378 maana,
489 1296 664 1379 sineforma.

241 1381 310 1464 417.
332 1383 410 1444 Ecce
433 1386 467 1444 in
488 1383 576 1444 aditu
594 1385 699 1444 statim
718 1381 869 1444 Cerberus
891 1395 994 1444 custos
1009 1383 1117 1464 januar
1133 1382 1253 1444 infero-

203 1491 292 1531 rum:
305 1469 370 1551 ejus
383 1471 543 1549 ferocitas,
558 1486 589 1534 et
602 1473 766 1554 vigilantia
781 1471 986 1532 describitur:
1001 1473 1166 1546 ferocitas,
1179 1491 1254 1532 nam

203 1561 318 1640 inqens,
336 1581 409 1620 nam
422 1565 577 1622 immanis:
592 1563 769 1643 vigilantia,
786 1583 860 1620 narn
873 1574 958 1621 sonat
966 1582 1019 1642 per
1031 1581 1124 1642 reqna
1136 1561 1254 1622 inferni

204 1644 313 1708 latratu
324 1649 443 1729 triplici,
458 1671 531 1710 nam
544 1650 662 1714 recubat
673 1654 704 1710 in
715 1664 800 1711 antro
811 1649 943 1722 aduerso,
957 1652 1017 1709 sito
1032 1672 1048 1709 e
1063 1653 1206 1731 regione.

187 1767 189 1776 ·
241 1734 310 1814 4¹9·
324 1737 429 1811 Quum
445 1739 497 1798 ille
510 1742 619 1799 erectis
633 1739 769 1800 colubris
783 1738 938 1814 horreret,
953 1740 1007 1819 qui
1023 1737 1069 1796 illi
1088 1753 1181 1798 erant
1194 1757 1252 1819 pro

201 1820 290 1902 pilis,
304 1822 418 1903 Sibylla
432 1827 523 1908 offam
534 1824 771 1908 objicitfiuqibus
781 1827 941 1899 medicatis,
954 1824 1070 1907 quibus
1081 1826 1252 1886 admistum

203 1921 283 1966 esset
295 1929 446 1989 papaver,
459 1912 565 1972 aliaeve
578 1911 682 1972 herba:
695 1913 734 1972 ad
749 1912 982 1974 conciliandum
994 1935 1163 1996 soporem:
1180 1912 1253 1973 inde

204 1992 302 2054 offam
314 2012 477 2077 soporatam
496 2013 600 2073 vocat3
619 2001 668 2060 cai
683 2013 787 2062 tamen
801 2001 873 2062 offae
886 2002 947 2061 mel
965 2000 1125 2083 adjungit,
1141 2016 1177 2062 ut
1189 2003 1252 2060 avi·
1311 2041 1312 2058 2

204 2081 275 2142 dius
291 2082 378 2143 illam
393 2088 542 2168 corripiat
553 2085 722 2163 Cerberus,
735 2091 851 2170 qnippe
863 2089 1028 2150 dulcedine
1040 2089 1213 2172 perfusam.

243 2169 1041 2258 421.Arripit0ffamCerberus;humiproaernitur3
1052 2192 1146 2238 antro
1154 2191 1253 2238 exten·

205 2257 300 2320 ditur.
311 2262 369 2320 Hic
381 2283 438 2342 ego
450 2262 568 2323 adnoto
580 2263 733 2346 quiddam
744 2285 807 2324 non
818 2263 945 2344 vulgare
957 2267 990 2323 in
1002 2279 1098 2346 poeta
1112 2265 1252 2326 conside-

204 2346 379 2407 ratissimo:
394 2348 556 2432 descripsit
571 2353 710 2433 primurn
725 2353 849 2412 Cerberi
863 2352 1060 2411 ferocitatem
1074 2365 1104 2410 et
1118 2351 1250 2434 vigilan·

204 2433 300 2492 tiam:
320 2454 393 2492 nam
412 2439 527 2519 inqeas,
547 2460 622 2499 narn
642 2443 792 2512 immanis,
815 2459 889 2498 nam
909 2437 1014 2521 triplici
1034 2438 1157 2513 boatu,
1179 2460 1249 2498 nam
1310 2501 1311 2519 χ

205 2521 345 2581 recubans
355 2526 386 2582 iu
394 2525 616 2588 adversatam.
627 2530 703 2588 Ecce
710 2529 777 2608 jam
788 2528 912 2589 easdem
922 2549 970 2588 res
982 2529 1084 2588 victas
1095 2542 1124 2588 et
1134 2530 1249 2610 sopitas

203 2621 275 2690 post
289 2625 444 2694 arreptam
458 2614 556 2675 offam
569 2640 575 2675 :
590 2638 663 2676 nam
678 2617 730 2677 hic
746 2639 871 2699 quoque
886 2621 987 2700 inqens
998 2616 1134 2694 dicitur,
1145 2632 1173 2677 et
1186 2616 1248 2698 ejus
1309 2633 1310 2666 l

204 2695 346 2758 membra
364 2703 519 2777 immania,
541 2704 595 2764 sed
609 2719 798 2783 commutata
812 2725 917 2766 rerum
931 2704 1168 2766 vicissitudine:
1187 2705 1247 2784 ejus

205 2787 289 2848 enim
304 2790 363 2848 tria
376 2803 501 2870 guttura
518 2793 701 2874 panduntur
715 2815 781 2854 non
793 2793 832 2854 ad
846 2794 1009 2869 latratum,
1027 2794 1084 2856 sed
1099 2793 1139 2855 ad
1154 2793 1247 2856 offam

206 2877 451 2958 corripiendam:
463 2902 526 2940 non
535 2879 600 2961 jam
612 2880 743 2942 recubat
751 2885 784 2942 in
795 2884 922 2944 adverso
933 2898 1037 2959 antro,
1049 2898 1085 2944 ut
1096 2886 1152 2964 qui
1161 2882 1246 2965 vigil:

205 2967 313 3046 potius
326 2968 502 3029 extenditur
512 2969 617 3048 humi,
633 2970 791 3048 funditur,
803 2975 970 3034 resolvitur
977 2993 1095 3034 somno
1111 2976 1217 3036 victus.
1308 2993 1309 3043 4

240 3107 453 3173 410.Coeruleam
466 3113 701 3186 advertitpuppr'm.
749 3118 850 3190 telligit.
874 3119 1027 3188 Propertius
1048 3118 1122 3170 clare
1144 3117 1187 3168 lib.
1206 3118 1246 3167 lll.

206 3187 294 3256 Quum
311 3189 354 3242 hic
374 3191 449 3242 color
465 3192 543 3244 detur
562 3195 657 3258 undis,
678 3210 705 3246 et
753 3199 823 3248 silut
834 3197 960 3268 quidnam
970 3197 1176 3269 fractagaudes‚
1184 3197 1246 3266 Nep·

205 3269 288 3332 mari,
301 3270 367 3322 nihil
378 3273 472 3323 mirum
484 3271 562 3323 detur
572 3276 649 3326 etiam
660 3292 705 3325 na·
750 3289 826 3341 tune,
838 3277 946 3327 carina?
957 3277 1087 3328 Portabat
1101 3290 1205 3328 sanctos
1216 3276 1246 3327 al·

205 3346 291 3398 vibus.
305 3351 419 3403 Theocr.
432 3355 459 3403 in
474 3353 540 3404 Ptol.
552 3353 615 3407 Ena.
627 3369 706 3406 vocat
751 3374 814 3408 veus
825 3355 956 3407 illeviros.
967 3357 1245 3410 »EtLiriuslilellz

206 3422 547 3496 Charontisraipanvaiuu.
755 3435 865 3488 talveos
891 3436 1019 3488 informes
1044 3438 1144 3506 raptim
1169 3437 1243 3489 facic-

242 3505 301 3571 4¹2.
322 3511 454 3586 Laxatque
471 3515 551 3586 foros.
573 3514 706 3570 Tabulata
751 3513 852 3578 bant‚»
867 3514 894 3565 id
907 3527 962 3579 est,
975 3515 1125 3567 naviculas.
1306 3497 1307 3522 l

206 3597 317 3646 auertat:
332 3601 470 3660 utsupra,
485 3609 532 3646 «et
546 3614 655 3666 campos
662 3597 706 3664 ju·
786 3593 846 3660 415.
861 3593 984 3646 Tandem.
997 3595 1050 3645 Aut
1060 3607 1173 3666 propter
1181 3613 1242 3665 poo-

206 3658 253 3712 bet
274 3679 331 3714 essa
352 3681 507 3735 patentes.»
532 3673 705 3726 Multitudine
751 3671 915 3734 dusAEneae‚
934 3671 1187 3742 quodestmelius:
1204 3687 1244 3725 aut
1305 3697 1306 3710 ¹

207 3738 391 3828 eanimremota
407 3752 482 3816 quasi
499 3751 623 3804 laxantur
641 3771 706 3824 spa·
751 3762 861 3821 propter
885 3750 990 3819 paludis
1017 3752 1243 3822 magnitudinem:

209 3827 253 3866 tra.
266 3816 476 3878 Sera-Ataeo.
488 3831 587 3900 Accepi
600 3832 706 3900 capaci·
752 3843 797 3880 aut
812 3841 922 3900 propter
936 3831 1005 3880 coeni
1019 3829 1244 3884 densitatem:vel
1304 3857 1305 3860 ¹

207 3904 289 3982 tatem
301 3899 442 3964 naviculas,
459 3917 485 3955 et
502 3925 596 3960 aarum
607 3911 703 3979 ipsum.
751 3925 783 3960 ex
795 3909 895 3960 affectu
908 3909 1010 3976 AEneae,
1024 3911 1072 3980 qui
1088 3911 1246 3983 proptrflb⁸l

207 3968 311 4024 Servius
324 3974 392 4026 male
404 3976 437 4028 de
451 3978 565 4036 fluminis
578 3986 655 4038 alveo
665 3987 705 4038 in·
751 3987 786 4041 ad
796 4000 908 4059 patrem.
