2700 4586
227 277 287 359 134
550 267 934 337 contrariarum
975 288 982 295 ’

218 411 340 460 tantum
351 396 478 456 fuerunt
492 394 690 474 superstites,
708 394 834 468 AEneas,
854 391 990 474 Iphitus,
1010 393 1125 456 Pelias.¹
1139 391 1267 458 Prinius

221 498 357 546 servatus
366 486 505 544 Deorum
514 480 689 554 voluntate3
703 479 780 540 alter
790 501 856 541 aevo
866 481 1028 562 grandium
1040 485 1153 544 tertius
1163 486 1267 545 tarda-

221 588 270 634 tus
282 572 425 648 vulnere,
436 569 523 653 quod
535 571 654 650 accepit
668 567 708 628 ab
721 567 841 650 Ulysse.

260 660 329 742 437.
342 661 464 722 Divulsi
475 681 492 718 a
502 659 620 741 templo
630 658 794 734 Minervae,
805 671 939 740 pergunt
948 657 986 718 ad
997 662 1125 742 Regiam
1136 664 1264 736 Priami,

213 749 324 811 'vocati
342 749 478 810 clamore
497 749 748 830 oppugnantium
767 750 1097 830 propugnantiumque
1115 751 1266 833 proilla:

224 839 301 898 adeo
316 837 368 896 ille
380 857 526 918 magnus,
541 848 576 895 ut
587 835 767 915 longissime
780 834 991 910 exaudiretur,
1004 838 1089 918 quod
1103 841 1223 898 mirum
1235 840 1267 896 in

221 940 310 986 tanto
325 924 488 1008 pugnandi
505 922 631 1000 ardore,
651 922 835 984 sonantibus
849 923 889 986 ad
906 946 995 986 aures
1010 928 1121 986 vicinis
1138 925 1268 1008 gladiis,

220 1026 250 1072 et
267 1011 401 1072 flammis
423 1011 616 1072 horrendum
633 1012 880 1093 crepitantibus:
902 1010 947 1072 ibi
966 1033 1040 1073 vero
1058 1013 1135 1075 adeo
1156 1017 1268 1095 ingens

219 1121 340 1182 pugna,
361 1113 396 1160 ut
412 1099 493 1160 nihil
510 1120 581 1159 curn
599 1120 634 1160 ea
653 1121 757 1180 posses
773 1099 913 1160 conferre
930 1103 962 1160 in
983 1101 1103 1182 reliqua
1119 1104 1266 1162 civitate:

221 1190 265 1248 ibi
279 1190 361 1248 Mars
377 1189 565 1262 indomitus;
588 1209 625 1248 eo
639 1187 751 1248 fervidi
766 1191 899 1250 ruebant
911 1190 1026 1264 Graeci3
1046 1189 1092 1251 ibi
1107 1193 1268 1252 obsessum

220 1276 318 1336 limen
332 1277 462 1336 militari
476 1275 638 1336 testudine.

260 1361 329 1440 442.
351 1362 526 1422 Constituit
547 1373 619 1420 ante
640 1357 747 1420 oculos
765 1362 869 1422 vivam
890 1363 1060 1443 imaginem
1078 1365 1269 1446 oppugnata

221 1453 313 1532 regite
325 1473 332 1509 :
345 1453 460 1533 quippe
471 1463 717 1532 oppugnatores,
727 1451 781 1530 qui
796 1471 851 1530 per
861 1449 957 1509 scalas
967 1449 1154 1526 ascendunt,
1166 1465 1271 1533 prote·

221 1553 338 1621 guntur
349 1539 483 1620 clypeis,
498 1559 576 1619 quos
591 1552 712 1618 gestant
726 1539 861 1598 sinistris
873 1540 1020 1599 manibus
1033 1539 1072 1600 ad
1085 1539 1270 1622 excipienda

221 1628 367 1703 missilia3
380 1626 495 1688 dextris
510 1639 618 1687 contra
631 1639 779 1707 prensant
790 1631 928 1702 summa,
940 1626 1128 1710 haerentque.

261 1716 330 1792 445.
345 1719 392 1778 An
402 1714 521 1796 aliquid
532 1729 633 1780 morte
645 1728 675 1776 et
685 1729 822 1776 extrema
833 1719 1012 1778 necessitate
1021 1717 1201 1800 potentius?
1211 1716 1269 1777 hac

222 1807 375 1880 instante,
396 1824 489 1864 omne
504 1805 573 1884 opis
588 1825 684 1884 genus
700 1804 886 1874 advocatur:
902 1819 1001 1865 turres
1016 1807 1104 1887 ipsa,
1120 1819 1152 1866 et
1166 1805 1270 1865 valida

225 1895 344 1976 alioqui
356 1891 592 1974 propugnacula
604 1893 788 1968 diruuntur,
800 1895 989 1974 ut'praesenti
999 1893 1066 1956 fato
1076 1907 1269 1954 occurratur.

222 1989 297 2046 Haec
309 1980 419 2065 procul
434 1978 532 2040 dubio
545 2001 632 2041 mens
647 1995 762 2063 poetae,
781 1983 934 2042 nimirum
950 1983 1045 2042 everti
1063 1981 1103 2041 ad
1121 1982 1269 2056 salutem,

224 2091 294 2154 qnae
304 2069 394 2130 saluti
405 2089 533 2152 qnoque
543 2072 717 2130 necessaria
728 2081 831 2128 erant:
842 2082 991 2151 praeterea
1004 2069 1135 2129 diruunt
1147 2070 1270 2143 omnia,
1333 2113 1334 2118 1

225 2175 353 2222 extrema
356 2156 424 2241 jam
436 2161 468 2217 in
479 2172 584 2232 morte,·
598 2181 672 2218 nam
686 2160 738 2220 cui
753 2157 809 2218 illa
822 2157 1033 2226 reservarent?
1333 2155 1334 2174 *

265 2246 333 2322 448.
355 2234 520 2328 Superidra
538 2247 578 2306 ad
596 2248 728 2308 salutern
744 2249 980 2328 pertinuerunt:
996 2247 1063 2326 jam
1079 2244 1129 2306 hic
1147 2244 1210 2304 alia
1228 2257 1272 2304 est

226 2338 306 2396 ratio
329 2335 368 2396 ad
386 2337 554 2395 maximam
573 2335 692 2396 doloris
711 2335 980 2417 significationem.
999 2333 1047 2394 En
1069 2333 1146 2416 quid
1167 2346 1272 2415 potest

226 2423 390 2484 necessitas
401 2424 518 2497 (libens
530 2423 613 2484 hanc
627 2445 737 2486 vocem
752 2447 810 2505 pro
825 2439 925 2486 morte
938 2444 1152 2507 usurp0,·quse
1163 2424 1271 2482 Tacito
1332 2481 1333 2490 ,

227 2511 503 2592 frequentissima),
512 2534 574 2592 qua
584 2515 717 2574 instante
728 2515 912 2589 diruuntur,
926 2535 995 2596 quar
1005 2524 1190 2574 ornamento
1201 2524 1275 2571 sunt
1332 2525 1333 2556 t

231 2613 261 2658 et
275 2598 434 2680 dignitati3
449 2620 580 2681 quaeque
594 2600 674 2662 lacta
687 2603 726 2662 ad
735 2601 919 2683 jactantiam
933 2617 962 2662 et
974 2603 1226 2664 ostentationem.

267 2688 336 2769 449.
345 2690 527 2771 Regiaeergo
536 2689 674 2751 defensio
682 2691 842 2774 bipartita:
854 2693 908 2752 alii
916 2693 949 2750 in
957 2711 1080 2752 summo
1089 2703 1190 2748 turres
1198 2708 1273 2754 con·

228 2775 364 2852 vellunt,
382 2790 412 2836 et
430 2778 592 2838 convulsas
611 2779 802 2842 devolvunt:
824 2783 858 2840 in
877 2782 943 2839 imo
962 2777 1016 2836 alii
1037 2775 1184 2858 prasidio
1202 2788 1273 2836 sunt

228 2867 363 2941 foribus,
374 2867 429 2930 ubi
440 2869 589 2927 assistunt
598 2869 693 2930 nudis
705 2855 922 2943 mucronibus,
934 2881 965 2926 et
976 2865 1074 2926 denso
1085 2865 1227 2946 agmine,
1239 2879 1274 2923 ut
1331 2937 1332 2944 ἵ

229 2976 296 3017 rem
315 2965 438 3036 gerant,
458 2958 482 3014 si
502 2954 604 3016 hostes
623 2959 808 3038 irrumpant.
830 2959 872 3016 Hi
890 2958 975 3016 enim
993 2968 1079 3031 sunt,
1099 2954 1138 3014 de
1157 2952 1273 3035 quibus

230 3055 322 3128 poeta
336 3042 432 3120 infra,
444 3045 608 3125 patefactis
619 3045 686 3125 jam
697 3048 810 3127 portis,
819 3046 1011 3128 Annatosque
1020 3045 1233 3106 videntstantes
1244 3046 1274 3103 in

233 3133 333 3193 limine
345 3135 448 3214 primo.
1244 3205 1247 3210 Ι

270 3221 340 3300 451.
359 3223 506 3282 Innuitur
521 3237 771 3306 propugnatores
787 3223 962 3284 deiecissea
979 3223 1107 3296 virtute3
1123 3243 1199 3280 nam
1211 3224 1273 3280 ins-

230 3313 360 3386 tanrati,
373 3309 408 3370 id
422 3324 481 3386 est,
496 3313 637 3372 renovati
648 3313 745 3370 animi
755 3313 855 3372 AEneae
868 3311 907 3370 ad
918 3311 1162 3374 succurrendum
1174 3311 1274 3382 tectis,

232 3398 270 3456 ad
281 3398 431 3458 levandos
443 3401 527 3460 viros
542 3397 672 3474 auxilio,
690 3400 730 3460 ad
744 3395 919 3460 addendam
931 3401 996 3458 vim
1010 3401 1107 3458 victis.
1125 3400 1161 3456 ln
1179 3396 1272 3457 verbo

234 3488 387 3545 instaurati
407 3488 570 3548 considera
589 3509 739 3569 magnum
762 3487 874 3548 ducem
894 3489 1033 3548 AEneam.
1057 3483 1183 3566 Trojani
1208 3486 1273 3556 alii,
1330 3483 1331 3524 t

233 3584 287 3630 aut
302 3571 433 3646 cadunt,
452 3590 506 3635 aut
523 3578 670 3642 resistunt
687 3598 742 3636 suo
759 3577 889 3658 quisque
905 3574 994 3636 loco:
1012 3574 1064 3634 hic
1080 3595 1161 3633 unus
1177 3586 1271 3633 totam

231 3660 342 3720 urbem
362 3663 542 3740 pervolita13
564 3678 595 3724 et
615 3687 631 3724 a
652 3665 800 3726 conflictu
818 3663 927 3746 templi
942 3667 1106 3739 Minervae,
1124 3661 1210 3722 unde
1228 3681 1272 3721 ex·

266 3817 327 3884 442.
337 3817 447 3870 Hoerent
455 3823 599 3890 parietibus.
610 3825 690 3892 Quod
700 3826 730 3877 il·
775 3825 836 3878 ideo
849 3826 959 3878 haerent.
975 3827 1044 3878 Seru.
1059 3852 1093 3862 -
1105 3820 1196 3874 Scaloe.
1213 3819 1268 3870 Non
1329 3855 1330 3878 3

232 3898 279 3961 la,
293 3913 351 3966 qua
362 3897 484 3966 feruntur
493 3901 528 3952 ad
534 3922 665 3975 pugnam,
675 3905 730 3956 cla·
775 3903 859 3956 solum
871 3906 934 3976 quia
945 3905 973 3955 in
982 3902 1080 3974 plurali
1093 3899 1269 3961 declinantur,
1329 3925 1330 3978 Ξ

229 3991 276 4029 ros
284 3975 410 4042 habeant,
418 3976 460 4030 vel
472 3995 563 4044 uncos,
573 3981 729 4051 etfigantur,
774 3983 821 4034 sed
833 3987 898 4053 quia
907 3984 997 4053 plures
1010 3994 1105 4036 essent.
1117 3982 1214 4034 Donat.
1329 3991 1330 4085 p
