2676 4602
232 263 295 327 332
559 257 941 336 COMMENTARIA

235 379 341 455 larem,
362 395 391 444 et
403 403 485 448 carre
498 380 658 466 pemoulio
672 385 779 456 Veste,
794 402 866 463 pers
883 382 1036 463 posterior
1050 379 1223 463 explicatio
1236 394 1278 441 est

231 469 361 550 prioris,
380 467 437 530 hac
453 472 621 544 sententia3
639 483 805 530 veneretur
817 472 925 528 Larem
937 467 1047 543 illum,
1062 489 1161 549 quem
1174 489 1192 528 e
1207 471 1275 527 Per·

234 573 340 634 gamo,
355 553 386 614 id
397 571 459 630 est,
470 557 581 638 Troja,
593 555 724 616 adduxit
735 575 859 630 secum;
873 556 927 636 qui
939 575 1013 614 sane
1022 557 1085 616 Lur
1097 553 1184 614 nihil
1197 552 1274 614 aliud
1315 587 1316 622 t

236 663 331 724 quam
343 645 435 706 Vesta
448 647 524 727 ipsa.

274 728 342 812 746.
355 731 429 792 Ideo
439 735 566 795 Acesten
577 725 719 807 accersit,
741 734 814 815 quia
825 745 855 792 et
866 733 979 792 Nautes
990 733 1125 792 Acesten
1139 734 1276 812 signare·

234 833 300 895 rat,
314 835 344 882 et
353 821 501 885 Anchises
514 823 553 884 ad
565 823 666 894 fliium
675 823 811 897 dixerat,
826 834 861 882 ut
872 835 992 903 pareret
1000 820 1147 882 consiliis
1157 823 1277 880 Nautae:

235 909 313 992 quid
328 932 399 972 vero
413 915 565 976 accersitis
575 917 678 974 Aceste
690 927 720 972 et
731 910 840 972 sociis?
856 913 958 972 Docet
970 912 1113 994 primum
1128 913 1279 991 imperiur

235 999 332 1070 roes,-
346 1003 419 1083 quia
430 1002 594 1076 Anchises,
605 1003 729 1076 Imperio
738 1002 818 1062 Joois
830 998 887 1060 huc
898 1001 991 1060 venio.
1005 997 1132 1060 Deinde
1142 1009 1281 1080 precepta

235 1091 377 1170 parentis,
397 1093 470 1174 quia
488 1092 570 1154 idem
587 1089 751 1165 Anchises,
772 1109 838 1150 nou
855 1108 986 1170 rogans,
1008 1086 1064 1148 sed
1080 1087 1167 1147 clare
1178 1087 1280 1170 preci·

237 1180 345 1260 piens,
353 1203 423 1262 pore
430 1179 557 1244 consiliis
561 1229 571 1258 ,
581 1180 683 1242 accede
690 1180 819 1262 infernos
826 1179 940 1251 domos,
948 1192 1012 1260 pete
1019 1198 1099 1242 meos
1105 1197 1281 1260 conpressio.

237 1267 342 1328 Tertio
357 1267 446 1331 docet
457 1272 639 1332 sententiam
652 1288 757 1342 suam,
771 1281 801 1326 et
816 1265 897 1328 hanc
911 1279 1121 1328 constantem.
1139 1268 1202 1326 Hic
1214 1264 1281 1325 volo

240 1359 402 1440 quidpiam
415 1363 603 1444 expendere:
624 1358 717 1420 hebet
726 1356 792 1439 jam
806 1359 914 1420 AEneas
931 1369 1067 1418 mentem
1086 1369 1282 1416 constantem

238 1443 422 1530 firmamque
430 1447 638 1530 relinquendos
646 1449 743 1530 partis
749 1445 997 1527 ijenorumin
1005 1443 1129 1521 Sicilia,
1140 1447 1181 1506 ad
1191 1463 1282 1528 quam

239 1549 376 1598 mentem
389 1537 434 1599 illi
447 1537 676 1600 obtrudendam
693 1550 757 1596 tam
770 1534 884 1610 multa,
903 1549 967 1596 tem
979 1533 1086 1596 valida
1099 1549 1282 1616 argumenta

238 1622 438 1704 praecedunt:
458 1637 523 1686 erat
539 1626 623 1686 enirn
635 1622 781 1698 difficile,
800 1620 985 1704 persuadere
995 1619 1063 1684 ¹hoc
1080 1619 1211 1682 homini
1225 1635 1284 1681 ten·

240 1709 327 1774 denti
342 1734 378 1772 ex
389 1712 461 1774 fatis
473 1715 507 1773 in
519 1715 658 1788 ltaliam,
676 1734 733 1774 nec
751 1714 799 1772 vir
814 1709 952 1792 prudens
965 1707 1057 1770 facile
1075 1709 1236 1772 debuisset
1249 1709 1283 1769 ab

242 1795 301 1862 hac
313 1815 416 1862 mente
427 1802 597 1862 dimoveri:
613 1823 686 1882 ergo
698 1799 834 1864 consulit
845 1802 995 1874 Nautem,
1009 1801 1065 1880 qui
1077 1801 1283 1882 prudentissi·

242 1903 326 1961 mus,
338 1901 369 1946 et
380 1900 477 1963 aetate,
487 1901 517 1948 et
526 1891 681 1971 sapientia
693 1887 830 1950 Palladis
841 1907 850 1948 s
864 1899 992 1970 apparet
1002 1883 1156 1946 Anchises
1165 1889 1222 1968 qui
1235 1906 1284 1968 pa·

243 1983 306 2046 ter,
326 1987 356 2032 et
374 1973 446 2035 ideo
465 1979 618 2058 peremice
636 1976 830 2050 hortabitur;
849 1977 903 2056 qui
920 1987 1080 2049 mortuus,
1096 1988 1140 2036 et
1155 1974 1228 2034 ideo
1243 1993 1285 2033 res

243 2072 309 2119 tota
325 2061 489 2144 putabitur
499 2087 562 2127 esse
574 2064 779 2132 miraculosa:
801 2064 927 2125 demum
943 2061 1062 2126 accedit
1073 2062 1243 2138 voluntas,
1260 2075 1287 2122 et

244 2147 413 2232 imperium
424 2154 529 2231 Jovis,
541 2177 604 2238 quo
615 2153 739 2216 nullum
752 2153 850 2234 majus
860 2154 981 2212 Numen
992 2172 999 2210 ι
1012 2171 1079 2212 non
1090 2149 1183 2212 aliter
1192 2171 1287 2234 oppu-

244 2239 387 2322 gnandus
398 2256 429 2304 et
439 2246 663 2328 expugnandus
673 2247 782 2304 AEneas
794 2243 864 2317 fuit,
876 2242 1014 2302 munitus
1024 2239 1112 2300 fatis:
1125 2261 1192 2300 non
1203 2239 1288 2299 aliter

244 2327 333 2408 prior
343 2331 451 2410 opinio
461 2334 615 2410 exuends3
626 2331 785 2395 induenda
793 2331 962 2414 posterior,
972 2331 1006 2390 in
1016 2349 1079 2410 qua
1085 2329 1156 2408 jam
1167 2329 1286 2402 firmus,

247 2424 278 2472 et
288 2430 440 2486 constans.

288 2498 355 2592 749·
369 2505 472 2582 Quam
486 2512 633 2574 citissime
646 2515 840 2576 conveniunt
852 2511 892 2572 ad
903 2507 1093 2590 capiendum
1105 2505 1287 2575 consilium

246 2607 293 2648 res
304 2588 479 2657 decernitur
490 2597 614 2662 decreto
626 2602 768 2662 omnium
779 2624 786 2660 :
801 2601 926 2664 Acestes
935 2608 1033 2679 peret.
1046 2595 1210 2654 Transacti
1221 2613 1289 2652 cou-

247 2677 309 2738 silii
321 2679 356 2742 fit
364 2683 429 2764 jam
444 2692 618 2752 exsecutio:
636 2713 709 2750 nam
727 2705 840 2750 matres
855 2687 933 2763 illae,
948 2705 1018 2767 quse
1031 2704 1129 2744 naves
1144 2683 1288 2744 incende·

248 2783 337 2848 runt,
348 2785 378 2834 et
388 2776 497 2859 vulgus
507 2778 586 2840 illud
595 2824 604 2855 ,
614 2782 647 2840 in
658 2801 722 2862 quo
730 2779 834 2840 nullus
844 2776 884 2837 ad
895 2775 1028 2858 gloriam
1038 2785 1290 2864 conatus‚trans·

249 2857 415 2932 erihuntur
426 2867 460 2928 in
472 2890 586 2930 novam
599 2869 726 2945 urbem3
741 2869 847 2951 potius
858 2865 1077 2948 deponuntur,
1093 2862 1187 2942 quasi
1199 2877 1289 2920 onere

250 2947 289 3008 de
303 2951 437 3015 navibus
451 2956 700 3039 deponerentur,
713 2957 851 3040 ipsaeque
865 2971 959 3016 naves
974 2963 1231 3010 exonerarentur.
1251 2956 1254 2963 '

289 3039 356 3120 752.
372 3041 434 3118 Qui
448 3064 522 3104 vero
538 3047 571 3105 in
586 3047 674 3105 ltalia
689 3047 857 3128 imperium
871 3039 1049 3113 condituri,
1065 3057 1096 3097 se
1111 3036 1152 3096 ad
1165 3054 1290 3119 sequen·

249 3141 313 3188 tem
322 3132 553 3208 navigationem
564 3147 766 3214 comparant,
780 3132 950 3194 reficientes
963 3145 1072 3200 naves3
1084 3125 1161 3185 satis
1172 3145 1206 3186 se
1217 3121 1290 3183 mul·

204 3376 206 3378 ,
287 3323 348 3392 745.
359 3326 436 3376 Fam
447 3327 501 3397 pio.
516 3319 565 3382 v'el
578 3333 639 3403 quia
654 3331 751 3386 exinde
797 3348 902 3384 aversos
918 3327 1127 3398 PenatesUFarre
1146 3323 1195 3393 pio
1217 3333 1244 3374 et
1257 3337 1291 3370 sa·

253 3401 438 3456 sacrificabant
456 3428 461 3458 :
481 3409 523 3461 vel
541 3411 604 3482 quia
624 3429 682 3463 mos
699 3412 751 3463 fuit
794 3401 1187 3466 lientemica·=lttTihullus‚
1199 3403 1289 3452 «Ferre

254 3478 328 3549 apud
340 3484 470 3552 majores,
485 3501 514 3541 ut
532 3489 651 3546 divinum
662 3491 750 3563 ignem
794 3491 841 3560 pio
852 3489 961 3560 placant
969 3497 996 3538 et
1005 3483 1117 3536 saliente
1128 3481 1195 3534 saie.
1206 3481 1251 3532 ιδ’.
1261 3504 1288 3516 -

253 3555 325 3609 farre
337 3576 486 3618 servarent:
498 3571 544 3640 qui
555 3571 578 3622 si
590 3569 711 3624 durasset
722 3570 749 3626 in
795 3569 897 3624 Acerra.
905 3566 976 3619 Festi
983 3563 1067 3616 verba
1075 3560 1173 3614 trado:
1186 3583 1198 3606 ι
1207 3574 1289 3612 acerra

255 3635 369 3690 alterum
385 3641 472 3714 diem,
489 3667 549 3702 eum
564 3661 657 3721 aptum
671 3667 751 3720 agen·
796 3667 842 3700 ara
852 3658 891 3702 est
900 3669 911 3694 s
920 3683 929 3711 ,
939 3645 1040 3715 inquit,
1056 3665 1068 3688 ι
1079 3659 1140 3712 quae
1152 3652 1218 3692 ante
1228 3654 1289 3689 mor·

255 3717 296 3771 dis
308 3721 387 3776 rebus
400 3727 593 3800 significabant,
601 3735 654 3786 Far
663 3746 752 3786 autem
796 3739 872 3778 tuum
880 3725 946 3796 poni
957 3721 1076 3785 solebat,
1091 3722 1120 3772 in
1133 3738 1191 3790 qua
1202 3717 1288 3770 odores

254 3798 381 3862 frumenti
400 3821 471 3861 certa
494 3813 595 3884 speeies
612 3827 665 3878 est,
684 3814 753 3864 sicut
797 3803 1025 3868 incendebantun
1044 3799 1091 3854 alii
1108 3797 1208 3850 dicunt
1223 3811 1287 3849 arcu·

257 3877 393 3942 adoreum.
408 3887 548 3960 Horatius,
566 3891 651 3960 «iton
664 3910 753 3964 sumpt
797 3887 852 3945 lem
863 3902 920 3940 ⁶³⁸0
932 3883 1076 3946 turonem,
1090 3878 1288 3936 ⁸⁰fl50⁰²⁰bi¹⁰⁵

257 3969 336 4022 ”¹⁰⁵2
357 3961 481 4020 blandior
507 3969 616 4038 hostia,
638 3969 754 4030 Mollihit
798 3963 995 4038 reponebant.»
