2670 4596
244 313 285 378 26
572 311 952 376 COMMENTARIA

283 437 347 496 131.
366 437 465 495 Vocat
480 433 576 514 igitur
591 433 709 492 Eurum
726 445 757 494 et
770 431 962 516 Zephyrum,
981 447 1016 494 ut
1031 431 1160 499 illorum
1173 441 1275 501 Domi·
1313 447 1314 450 ’

240 543 318 584 nus:
337 545 410 583 nam
428 523 549 583 tametsi
563 523 647 581 venti
664 521 724 580 sub
738 534 889 603 potestate
904 523 967 581 sint
980 522 1076 598 AEoli,
1094 547 1193 607 quum
1211 543 1276 588 sunt
1313 543 1314 572 ³

238 615 273 673 in
288 633 421 687 carcere3
437 611 510 672 inde
526 613 632 671 emissi
645 612 677 669 in
693 631 791 684 mare,
809 611 880 690 jam·
887 613 1045 692 pertinent
1057 613 1097 673 ad
1112 617 1273 698 imperium

238 704 386 784 Neptuni.
407 703 522 784 Incipit
537 699 625 760 nullo
643 699 785 773 exordio,
804 713 840 759 ut
857 699 1051 760 iracundiam
1067 703 1202 780 indicet,
1220 724 1274 786 qna

233 782 365 872 flagrat:
381 791 493 873 objicit
509 789 571 850 illis
588 787 809 849 confidentiam
824 791 959 868 generis,
978 809 1041 870 quo
1058 789 1132 852 elati
1152 793 1274 866 audent,

240 879 419 939 inconsulto
434 901 480 950 se,
494 879 625 937 miscere
634 875 745 937 carlum
758 890 789 936 et
802 888 932 953 terram,
947 891 1171 960 tempestatum
1184 879 1275 940 moles

240 965 391 1027 attollere.
404 965 521 1026 Vocula
526 964 594 1048 jum
606 964 764 1025 efferenda
777 985 850 1024 cum
859 963 1016 1046 emphasi,
1025 979 1057 1026 et
1068 980 1149 1027 nutu
1157 969 1276 1050 capitis.
1313 1023 1314 1038 ,

240 1053 277 1112 ln
291 1075 368 1114 voce
379 1057 456 1114 uenti
469 1056 647 1114 convicium
660 1056 802 1134 agnoscit
814 1055 951 1130 Servius,
966 1053 1075 1130 credo,
1087 1053 1148 1116 bac
1162 1069 1277 1116 senten-

140 1146 142 1150 ’
239 1143 299 1202 tia:
312 1144 366 1224 qui
375 1163 430 1202 vos
440 1143 528 1218 estis,
539 1145 593 1224 qui
602 1145 669 1202 sine
677 1163 748 1203 meo
756 1145 885 1202 numine
894 1142 1014 1204 audetis
1022 1145 1152 1204 miscere
1160 1143 1277 1204 omnia?

239 1231 390 1292 nimirum
405 1235 489 1292 uenti.
505 1232 643 1292 Observa
659 1231 838 1312 diligenter,
858 1233 891 1291 in
905 1233 1006 1296 tribus
1021 1233 1130 1313 primis
1142 1233 1276 1292 versibus

158 1384 160 1389 ,
238 1317 336 1380 latere
348 1319 518 1402 quamdam
531 1323 764 1402 oppositionem
777 1321 1022 1380 contrariorum:
1038 1337 1111 1378 nam
1126 1339 1225 1400 genus
1238 1320 1277 1376 in-

238 1408 338 1485 fame,
353 1409 483 1487 fiducia,
500 1409 631 1471 audacia
645 1423 785 1492 pugnant
796 1413 830 1470 in
844 1408 970 1485 caelum,
985 1410 1161 1483 interram,
1176 1411 1209 1468 in
1223 1429 1275 1467 nu-

240 1517 313 1556 men
323 1499 476 1579 Neptuni:
487 1496 586 1580 probe
596 1496 747 1574 absolvit,
759 1511 853 1560 tantas
861 1497 974 1559 audetis
984 1495 1081 1558 tollere
1091 1495 1204 1556 molest
1212 1516 1276 1556 nam

241 1587 414 1665 praecessit,
430 1599 522 1647 vastos
538 1584 660 1647 volvunt
671 1585 711 1644 ad
723 1584 805 1646 litora
810 1586 924 1670 fluctis
930 1631 940 1660 ,
959 1599 1003 1662 et,
1013 1584 1182 1669 fluentaque
1195 1585 1234 1644 od
1243 1587 1275 1644 si-

241 1671 310 1731 dera
325 1671 408 1733 tollit.
822 1697 825 1704 ·

284 1759 349 1818 135.
374 1759 426 1820 Est
443 1759 510 1822 baec
531 1761 772 1822 celebratissima
795 1763 1000 1844 aposiopesis,
1022 1774 1053 1820 et
1073 1761 1113 1820 ab
1135 1758 1277 1820 omnibus

241 1866 402 1928 nunquam
415 1841 490 1911 eatis
504 1849 640 1910 laudata.
660 1851 813 1932 lntegram
828 1849 923 1911 facies
937 1851 1137 1924 sententiam,
1159 1851 1187 1908 si
1198 1850 1276 1908 dixe-

241 1939 300 1996 ris:
321 1959 400 2020 quos
419 1961 477 2021 ego
497 1941 709 2021 constringam
728 1939 878 2016 vinculis,
899 1942 1035 2022 rapiam,
1057 1938 1209 1999 ulciscar:
1229 1935 1277 1998 sed
1313 1949 1314 2022 ]

241 2026 348 2084 omnia
361 2041 465 2088 tamen
478 2028 626 2088 inferiora
641 2041 712 2087 sunt
725 2041 813 2088 tanto
830 2028 945 2103 furori3
965 2027 1037 2087 inde
1050 2043 1227 2110 opportune
1238 2028 1278 2083 in·
1313 2027 1314 2032 ’

241 2111 334 2172 ducta
348 2112 465 2196 figura:
487 2118 513 2174 si
532 2136 658 2198 poenum
677 2119 868 2192 nominaret,
889 2117 1068 2198 frigesceret
1084 2117 1202 2189 orati03
1217 2115 1277 2194 jam
1313 2143 1314 2160 .

242 2219 339 2280 quum
363 2204 546 2284 supprimit,
573 2205 705 2263 incertos
730 2224 788 2264 nos
807 2201 972 2286 relinquit.
1000 2203 1071 2264 Nou
1094 2201 1201 2262 solum
1223 2201 1278 2260 sibi
1313 2203 1314 2244 Ὗ

240 2288 403 2369 Neptunus
418 2306 571 2374 temperet
583 2295 616 2351 in
631 2306 705 2354 aestu
724 2291 910 2366 iracundiae,
932 2307 1060 2375 propter
1079 2291 1224 2352 decorem
1235 2310 1276 2350 re-

240 2377 342 2456 gium3
359 2380 414 2440 sed
433 2380 527 2441 habet
545 2385 700 2442 rationem
719 2385 884 2464 temporis3
900 2384 965 2444 -uisi
984 2383 1068 2443 enirn
1088 2380 1277 2462 supplicium

241 2461 382 2541 differat,
403 2487 467 2527 non
489 2472 608 2550 poterit
627 2470 771 2549 Trojanis
792 2485 971 2552 opportune
988 2470 1176 2530 subvenire:
1200 2465 1278 2526 unde

239 2554 392 2632 particule
405 2556 467 2632 red,
486 2573 534 2617 est
548 2561 744 2640 reprimentis
758 2581 803 2635 se,
823 2573 854 2620 et
868 2561 997 2620 rationis
1006 2558 1130 2640 judicio
1142 2557 1278 2618 furorem

237 2643 445 2720 remittentis,
458 2667 494 2706 ac
511 2661 634 2708 tantum
653 2649 818 2736 cogitantis
835 2651 873 2711 de
890 2651 1028 2710 sedando
1044 2651 1134 2708 mari.
1151 2646 1277 2707 'lbaduci

237 2728 302 2808 baec
320 2731 360 2794 ad
380 2735 557 2818 Principem
573 2753 719 2820 possunt,
738 2758 832 2826 quem
848 2739 970 2798 lentum
986 2740 1019 2798 in
1036 2757 1093 2798 suo
1107 2735 1219 2796 dolore
1232 2735 1279 2794 de·

238 2815 312 2879 bere
324 2838 403 2896 esse,
415 2825 542 2885 Tacitus
557 2827 667 2906 scribit
681 2826 735 2886 lib.
752 2827 785 2900 3,
803 2827 914 2887 Annnl.
927 2830 1025 2908 Ergo,
1045 2827 1089 2884 ait
1102 2825 1278 2906 Neptunum
1313 2901 1314 2906 ἵ

237 2906 427 2987 placandum
446 2934 529 2974 nunc
549 2915 627 2974 mihi
647 2929 694 2974 est
714 2935 815 2991 mare,
835 2935 892 2975 vos
912 2913 1081 2997 postmodo
1107 2911 1191 2974 luetis
1213 2910 1279 2970 mibi

278 3056 527 3114 131.Eummadse
538 3065 737 3139 Zephyrumque
779 3065 976 3140 locofiduct'am
989 3085 1039 3138 pro
1056 3063 1221 3118 confidentia
1234 3079 1280 3133 po·

239 3151 320 3191 vocat.
336 3142 385 3195 Per
398 3140 465 3208 hos,
482 3161 573 3196 omnes
587 3146 737 3218 intelligen·
781 3149 943 3218 suit;quum
947 3145 1050 3220 fiducia
1058 3147 1087 3198 iu
1096 3144 1179 3196 bonit
1188 3142 1278 3202 rebus,
1313 3143 1314 3182 ἓ

239 3219 267 3272 di
279 3235 358 3285 sunt:
370 3221 413 3274 itti
424 3225 565 3276 enimsuut
577 3225 735 3279 cardinales.
780 3225 938 3300 confidentia
956 3228 984 3278 iu
1005 3225 1081 3278 malis
1098 3227 1141 3276 sit.
1161 3225 1231 3276 Seru.
1247 3247 1280 3258 -

198 3335 200 3340 ·
238 3299 292 3351 Cur
306 3314 398 3354 temen
411 3302 556 3375 Zephyrus,
575 3305 621 3376 qui
637 3306 738 3359 adlta·
783 3307 902 3358 Tantane
918 3324 961 3358 vos
978 3305 1091 3378 generis,
1107 3315 1160 3355 etc.
1178 3302 1281 3370 Abrup-
1313 3317 1314 3330 ³

238 3379 301 3430 liam
312 3380 403 3448 ducit,
414 3401 494 3454 quem
506 3383 587 3436 Poeta
604 3403 683 3456 supra
699 3380 738 3439 ta-
781 3399 838 3437 tum
851 3385 989 3438 exordium
1000 3385 1076 3436 iratis
1092 3383 1237 3445 convenit,
1253 3381 1279 3428 in

240 3459 309 3520 cuit,
322 3477 393 3512 nuno
404 3465 535 3514 vocaturi
548 3462 618 3531 Quia
635 3465 738 3538 Zephy·
782 3464 879 3535 quibus
894 3465 987 3534 ingens
1004 3461 1104 3515 residet
1113 3459 1208 3526 nullm
1220 3458 1281 3510 tolia
1313 3461 1314 3524 i

239 3553 299 3586 rum
318 3535 363 3588 bic
383 3541 433 3608 p'ro
454 3539 545 3596 Africo
567 3546 636 3595 sumi
658 3545 737 3596 docet
782 3543 888 3616 collegit
899 3542 1070 3594 Macroblv
1077 3540 1193 3606 ,a.Cic.
1206 3537 1279 3592 Catil.
1313 3549 1314 3568 ³

240 3614 356 3666 Turneb.
368 3616 427 3668 adv.
440 3619 539 3687 XVlll,
552 3624 595 3676 32.
781 3645 804 3677 c.
818 3625 846 3676 l:
862 3624 1030 3694 «Quousque
1038 3621 1280 3678 tandemabutere‚
1313 3629 1314 3634 ’

279 3693 336 3745 132.
355 3695 457 3750 Gerous
468 3696 576 3769 fiducia·
589 3703 670 3766 vestri
688 3705 737 3756 As·
781 3703 911 3767 Catilina,
924 3702 1202 3774 patientianostral»
1313 3713 1314 3722 ¹

241 3789 401 3826 croeuscuuus
411 3774 738 3853 deTitanibus,qui²con-
821 3783 877 3835 135.
894 3783 963 3852 Quot
976 3799 1031 3853 epo.
1046 3777 1145 3832 Deficit
1157 3779 1210 3830 boc
1224 3777 1281 3828 loco
1313 3821 1314 3838 ,

242 3863 284 3902 tra
300 3851 363 3904 deos
380 3873 455 3908 arma
473 3875 657 3930 sumpserunt,
677 3878 738 3914 cum
782 3873 1071 3932 semoiatcongruet
1084 3877 1149 3911 ΜΝ
1163 3859 1285 3930 ‘luliffll'

241 3931 344 3984 Aurora
357 3936 516 3988 concubuit:
527 3939 599 3992 unde
610 3943 666 3996 nati
676 3953 738 3993 sunt
783 3943 852 3994 citur
858 3941 1019 4012 perturbatae
1027 3941 1125 3991 mentis
1134 3953 1185 3992 est.
1194 3935 1283 3988 -St‘l
1313 3939 1314 4000 l

242 4013 471 4068 ventisecuudum
480 4017 738 4078 Hesiodumzethoe
783 4031 864 4072 motos
882 4030 986 4091 praestat
1004 4035 1161 4088 ΜΜΡΟΜΝ
1176 4017 1282 4093 stum·
1313 4065 1314 4072 .
