<?xml version="1.0" encoding="UTF-8"?>
<!DOCTYPE html PUBLIC "-//W3C//DTD XHTML 1.0 Transitional//EN"
    "http://www.w3.org/TR/xhtml1/DTD/xhtml1-transitional.dtd">
<html xmlns="http://www.w3.org/1999/xhtml" xml:lang="en" lang="en">
 <head>
  <title>
</title>
<meta http-equiv="Content-Type" content="text/html;charset=utf-8" />
  <meta name='ocr-system' content='tesseract 3.04.00' />
  <meta name='ocr-capabilities' content='ocr_page ocr_carea ocr_par ocr_line ocrx_word'/>
</head>
<body>
  <div class='ocr_page' id='page_1' title='image "./pvirgiliusmaroq02barbgoog_0488.png"; bbox 0 0 2644 4614; ppageno 0'>
   <div class='ocr_carea' id='block_1_1' title="bbox 216 329 928 411">
    <p class='ocr_par' dir='ltr' id='par_1_1' title="bbox 216 329 928 411">
     <span class='ocr_line' id='line_1_1' title="bbox 216 329 928 411; baseline -0.021 -3"><span class='ocrx_word' id='word_1_1' title='bbox 216 329 280 411; x_wconf 92' lang='grc'><strong>444</strong></span> <span class='ocrx_word' id='word_1_2' title='bbox 544 329 928 398; x_wconf 78' lang='lat' dir='ltr'><strong>coMMnurtart</strong></span> 
     </span>
    </p>
   </div>
   <div class='ocr_carea' id='block_1_2' title="bbox 212 451 1311 2314">
    <p class='ocr_par' dir='ltr' id='par_1_2' title="bbox 213 451 1310 982">
     <span class='ocr_line' id='line_1_2' title="bbox 254 451 1263 536; baseline 0.001 -27"><span class='ocrx_word' id='word_1_3' title='bbox 254 451 322 510; x_wconf 83' lang='lat'><strong>323.</strong></span> <span class='ocrx_word' id='word_1_4' title='bbox 337 452 394 512; x_wconf 88' lang='lat' dir='ltr'><strong>Vix</strong></span> <span class='ocrx_word' id='word_1_5' title='bbox 412 453 497 514; x_wconf 90' lang='lat' dir='ltr'><strong>Juno</strong></span> <span class='ocrx_word' id='word_1_6' title='bbox 513 456 616 514; x_wconf 90' lang='lat' dir='ltr'><strong>minas</strong></span> <span class='ocrx_word' id='word_1_7' title='bbox 633 453 823 530; x_wconf 77' lang='lat' dir='ltr'><strong>absolverat,</strong></span> <span class='ocrx_word' id='word_1_8' title='bbox 843 475 942 536; x_wconf 91' lang='lat' dir='ltr'><strong>quum</strong></span> <span class='ocrx_word' id='word_1_9' title='bbox 961 454 1033 534; x_wconf 89' lang='lat' dir='ltr'><strong>pari</strong></span> <span class='ocrx_word' id='word_1_10' title='bbox 1052 453 1163 513; x_wconf 86' lang='lat' dir='ltr'><strong>furore</strong></span> <span class='ocrx_word' id='word_1_11' title='bbox 1180 472 1263 512; x_wconf 90' lang='lat' dir='ltr'><strong>com·</strong></span> 
     </span>
     <span class='ocr_line' id='line_1_3' title="bbox 214 540 1310 634; baseline 0.003 -38"><span class='ocrx_word' id='word_1_12' title='bbox 214 552 313 616; x_wconf 88' lang='lat' dir='ltr'><strong>mota,</strong></span> <span class='ocrx_word' id='word_1_13' title='bbox 335 561 371 602; x_wconf 84' lang='lat' dir='ltr'><strong>ac</strong></span> <span class='ocrx_word' id='word_1_14' title='bbox 384 557 447 602; x_wconf 88' lang='lat' dir='ltr'><strong>tota</strong></span> <span class='ocrx_word' id='word_1_15' title='bbox 464 564 526 626; x_wconf 82' lang='lat' dir='ltr'><strong>prae</strong></span> <span class='ocrx_word' id='word_1_16' title='bbox 541 544 701 604; x_wconf 83' lang='lat' dir='ltr'><strong>iracundia</strong></span> <span class='ocrx_word' id='word_1_17' title='bbox 715 543 863 618; x_wconf 85' lang='lat' dir='ltr'><strong>horrens,</strong></span> <span class='ocrx_word' id='word_1_18' title='bbox 885 557 984 604; x_wconf 85' lang='lat' dir='ltr'><strong>terras</strong></span> <span class='ocrx_word' id='word_1_19' title='bbox 999 545 1111 625; x_wconf 89' lang='lat' dir='ltr'><strong>petiit,</strong></span> <span class='ocrx_word' id='word_1_20' title='bbox 1130 556 1161 601; x_wconf 88' lang='lat' dir='ltr'><strong>et</strong></span> <span class='ocrx_word' id='word_1_21' title='bbox 1172 540 1262 600; x_wconf 87' lang='lat' dir='ltr'><strong>infer·</strong></span> <span class='ocrx_word' id='word_1_22' title='bbox 1309 605 1310 634; x_wconf 24' lang='grc' dir='ltr'>ἶ</span> 
     </span>
     <span class='ocr_line' id='line_1_4' title="bbox 214 629 1261 710; baseline 0.002 -26"><span class='ocrx_word' id='word_1_23' title='bbox 214 645 307 701; x_wconf 90' lang='lat' dir='ltr'><strong>num,</strong></span> <span class='ocrx_word' id='word_1_24' title='bbox 320 643 355 688; x_wconf 93' lang='lat' dir='ltr'><strong>ut</strong></span> <span class='ocrx_word' id='word_1_25' title='bbox 367 630 440 690; x_wconf 91' lang='lat' dir='ltr'><strong>inde</strong></span> <span class='ocrx_word' id='word_1_26' title='bbox 452 631 559 692; x_wconf 83' lang='lat' dir='ltr'><strong>Alecto</strong></span> <span class='ocrx_word' id='word_1_27' title='bbox 572 634 734 710; x_wconf 82' lang='lat' dir='ltr'><strong>excitaret,</strong></span> <span class='ocrx_word' id='word_1_28' title='bbox 747 654 842 694; x_wconf 90' lang='lat' dir='ltr'><strong>unam</strong></span> <span class='ocrx_word' id='word_1_29' title='bbox 852 653 869 692; x_wconf 87' lang='lat' dir='ltr'><strong>e</strong></span> <span class='ocrx_word' id='word_1_30' title='bbox 879 631 980 692; x_wconf 90' lang='lat' dir='ltr'><strong>tribus</strong></span> <span class='ocrx_word' id='word_1_31' title='bbox 993 633 1180 692; x_wconf 87' lang='lat' dir='ltr'><strong>sororibus:</strong></span> <span class='ocrx_word' id='word_1_32' title='bbox 1193 629 1261 688; x_wconf 89' lang='lat' dir='ltr'><strong>huic</strong></span> 
     </span>
     <span class='ocr_line' id='line_1_5' title="bbox 214 712 1262 798; baseline 0.003 -26"><span class='ocrx_word' id='word_1_33' title='bbox 214 712 267 774; x_wconf 84' lang='lat' dir='ltr'><strong>dat</strong></span> <span class='ocrx_word' id='word_1_34' title='bbox 279 715 410 794; x_wconf 85' lang='lat' dir='ltr'><strong>luctum,</strong></span> <span class='ocrx_word' id='word_1_35' title='bbox 426 717 525 795; x_wconf 88' lang='lat' dir='ltr'><strong>bella,</strong></span> <span class='ocrx_word' id='word_1_36' title='bbox 537 725 612 798; x_wconf 86' lang='lat' dir='ltr'><strong>iras,</strong></span> <span class='ocrx_word' id='word_1_37' title='bbox 628 722 772 798; x_wconf 87' lang='lat' dir='ltr'><strong>insidias,</strong></span> <span class='ocrx_word' id='word_1_38' title='bbox 787 724 882 784; x_wconf 87' lang='lat' dir='ltr'><strong>noxia</strong></span> <span class='ocrx_word' id='word_1_39' title='bbox 896 723 1004 782; x_wconf 90' lang='lat' dir='ltr'><strong>omnia</strong></span> <span class='ocrx_word' id='word_1_40' title='bbox 1020 723 1179 782; x_wconf 90' lang='lat' dir='ltr'><strong>crimina:</strong></span> <span class='ocrx_word' id='word_1_41' title='bbox 1193 739 1262 776; x_wconf 90' lang='lat' dir='ltr'><strong>nam</strong></span> 
     </span>
     <span class='ocr_line' id='line_1_6' title="bbox 213 803 1262 894; baseline 0.006 -35"><span class='ocrx_word' id='word_1_42' title='bbox 213 803 359 868; x_wconf 86' lang='lat' dir='ltr'><strong>videlicet</strong></span> <span class='ocrx_word' id='word_1_43' title='bbox 367 809 386 868; x_wconf 90' lang='lat' dir='ltr'>J</span> <span class='ocrx_word' id='word_1_44' title='bbox 390 831 452 870; x_wconf 90' lang='lat' dir='ltr'><strong>uno</strong></span> <span class='ocrx_word' id='word_1_45' title='bbox 462 811 502 870; x_wconf 95' lang='lat' dir='ltr'><strong>ad</strong></span> <span class='ocrx_word' id='word_1_46' title='bbox 512 832 581 872; x_wconf 88' lang='lat' dir='ltr'><strong>eam</strong></span> <span class='ocrx_word' id='word_1_47' title='bbox 593 814 801 894; x_wconf 85' lang='lat' dir='ltr'><strong>iniquitatem,</strong></span> <span class='ocrx_word' id='word_1_48' title='bbox 813 833 909 894; x_wconf 88' lang='lat' dir='ltr'><strong>qnam</strong></span> <span class='ocrx_word' id='word_1_49' title='bbox 920 812 1029 870; x_wconf 87' lang='lat' dir='ltr'><strong>animo</strong></span> <span class='ocrx_word' id='word_1_50' title='bbox 1042 808 1262 878; x_wconf 80' lang='lat' dir='ltr'><strong>meditabatur,</strong></span> 
     </span>
     <span class='ocr_line' id='line_1_7' title="bbox 214 895 755 982; baseline 0.018 -30"><span class='ocrx_word' id='word_1_51' title='bbox 214 895 361 958; x_wconf 87' lang='lat' dir='ltr'><strong>omnihus</strong></span> <span class='ocrx_word' id='word_1_52' title='bbox 374 897 421 958; x_wconf 92' lang='lat' dir='ltr'><strong>his</strong></span> <span class='ocrx_word' id='word_1_53' title='bbox 433 901 570 981; x_wconf 84' lang='lat' dir='ltr'><strong>pestibus</strong></span> <span class='ocrx_word' id='word_1_54' title='bbox 583 900 755 982; x_wconf 76' lang='lat' dir='ltr'><strong>indigebat.</strong></span> 
     </span>
    </p>

    <p class='ocr_par' dir='ltr' id='par_1_3' title="bbox 214 981 1311 1430">
     <span class='ocr_line' id='line_1_8' title="bbox 254 981 1262 1064; baseline 0.003 -24"><span class='ocrx_word' id='word_1_55' title='bbox 254 981 321 1064; x_wconf 80' lang='lat'><strong>327.</strong></span> <span class='ocrx_word' id='word_1_56' title='bbox 342 987 432 1048; x_wconf 89' lang='lat' dir='ltr'><strong>llanc</strong></span> <span class='ocrx_word' id='word_1_57' title='bbox 447 987 563 1048; x_wconf 84' lang='lat' dir='ltr'><strong>furiam</strong></span> <span class='ocrx_word' id='word_1_58' title='bbox 575 1005 622 1049; x_wconf 93' lang='lat' dir='ltr'><strong>tot</strong></span> <span class='ocrx_word' id='word_1_59' title='bbox 636 989 726 1050; x_wconf 90' lang='lat' dir='ltr'><strong>malis</strong></span> <span class='ocrx_word' id='word_1_60' title='bbox 737 1002 920 1062; x_wconf 84' lang='lat' dir='ltr'><strong>scatentem,</strong></span> <span class='ocrx_word' id='word_1_61' title='bbox 942 1001 991 1048; x_wconf 91' lang='lat' dir='ltr'><strong>tot</strong></span> <span class='ocrx_word' id='word_1_62' title='bbox 1004 983 1198 1047; x_wconf 84' lang='lat' dir='ltr'><strong>criminibus</strong></span> <span class='ocrx_word' id='word_1_63' title='bbox 1210 982 1262 1043; x_wconf 87' lang='lat' dir='ltr'><strong>foe·</strong></span> 
     </span>
     <span class='ocr_line' id='line_1_9' title="bbox 214 1071 1264 1163; baseline 0.001 -33"><span class='ocrx_word' id='word_1_64' title='bbox 214 1071 365 1148; x_wconf 82' lang='lat' dir='ltr'><strong>cundem,</strong></span> <span class='ocrx_word' id='word_1_65' title='bbox 385 1078 449 1158; x_wconf 86' lang='lat' dir='ltr'><strong>ipse</strong></span> <span class='ocrx_word' id='word_1_66' title='bbox 470 1081 563 1140; x_wconf 90' lang='lat' dir='ltr'><strong>etiam</strong></span> <span class='ocrx_word' id='word_1_67' title='bbox 581 1079 688 1155; x_wconf 89' lang='lat' dir='ltr'><strong>Pluto,</strong></span> <span class='ocrx_word' id='word_1_68' title='bbox 708 1083 784 1163; x_wconf 79' lang='lat' dir='ltr'><strong>ipsas</strong></span> <span class='ocrx_word' id='word_1_69' title='bbox 798 1099 918 1140; x_wconf 89' lang='lat' dir='ltr'><strong>sorores</strong></span> <span class='ocrx_word' id='word_1_70' title='bbox 938 1077 1014 1138; x_wconf 93' lang='lat' dir='ltr'><strong>odio</strong></span> <span class='ocrx_word' id='word_1_71' title='bbox 1031 1076 1169 1136; x_wconf 90' lang='lat' dir='ltr'><strong>habent:</strong></span> <span class='ocrx_word' id='word_1_72' title='bbox 1189 1074 1264 1132; x_wconf 89' lang='lat' dir='ltr'><strong>ratio</strong></span> 
     </span>
     <span class='ocr_line' id='line_1_10' title="bbox 214 1155 1263 1250; baseline 0.003 -33"><span class='ocrx_word' id='word_1_73' title='bbox 214 1155 307 1240; x_wconf 87' lang='lat' dir='ltr'><strong>hujus</strong></span> <span class='ocrx_word' id='word_1_74' title='bbox 322 1163 405 1242; x_wconf 90' lang='lat' dir='ltr'><strong>odii,</strong></span> <span class='ocrx_word' id='word_1_75' title='bbox 425 1170 498 1250; x_wconf 88' lang='lat' dir='ltr'><strong>quia</strong></span> <span class='ocrx_word' id='word_1_76' title='bbox 513 1190 548 1228; x_wconf 89' lang='lat' dir='ltr'><strong>ea</strong></span> <span class='ocrx_word' id='word_1_77' title='bbox 563 1170 596 1228; x_wconf 92' lang='lat' dir='ltr'><strong>in</strong></span> <span class='ocrx_word' id='word_1_78' title='bbox 611 1189 720 1230; x_wconf 85' lang='lat' dir='ltr'><strong>omnes</strong></span> <span class='ocrx_word' id='word_1_79' title='bbox 737 1168 893 1230; x_wconf 87' lang='lat' dir='ltr'><strong>malorum</strong></span> <span class='ocrx_word' id='word_1_80' title='bbox 908 1167 1013 1226; x_wconf 84' lang='lat' dir='ltr'><strong>forma</strong></span> <span class='ocrx_word' id='word_1_81' title='bbox 1028 1165 1195 1226; x_wconf 84' lang='lat' dir='ltr'><strong>mutabilis</strong></span> <span class='ocrx_word' id='word_1_82' title='bbox 1210 1173 1263 1235; x_wconf 91' lang='lat' dir='ltr'><strong>est,</strong></span> 
     </span>
     <span class='ocr_line' id='line_1_11' title="bbox 215 1253 1263 1340; baseline 0.002 -35"><span class='ocrx_word' id='word_1_83' title='bbox 215 1263 246 1306; x_wconf 93' lang='lat' dir='ltr'><strong>et</strong></span> <span class='ocrx_word' id='word_1_84' title='bbox 263 1255 388 1330; x_wconf 83' lang='lat' dir='ltr'><strong>quantis</strong></span> <span class='ocrx_word' id='word_1_85' title='bbox 405 1277 486 1340; x_wconf 90' lang='lat' dir='ltr'><strong>opus</strong></span> <span class='ocrx_word' id='word_1_86' title='bbox 503 1258 605 1318; x_wconf 89' lang='lat' dir='ltr'><strong>estad</strong></span> <span class='ocrx_word' id='word_1_87' title='bbox 622 1260 730 1320; x_wconf 89' lang='lat' dir='ltr'><strong>omnia</strong></span> <span class='ocrx_word' id='word_1_88' title='bbox 746 1259 830 1318; x_wconf 88' lang='lat' dir='ltr'><strong>mala</strong></span> <span class='ocrx_word' id='word_1_89' title='bbox 847 1257 1045 1338; x_wconf 76' lang='lat' dir='ltr'><strong>serpentibus</strong></span> <span class='ocrx_word' id='word_1_90' title='bbox 1056 1253 1212 1337; x_wconf 88' lang='lat' dir='ltr'><strong>pullulat:</strong></span> <span class='ocrx_word' id='word_1_91' title='bbox 1231 1269 1263 1309; x_wconf 88' lang='lat' dir='ltr'><strong>ea</strong></span> 
     </span>
     <span class='ocr_line' id='line_1_12' title="bbox 215 1335 1311 1430; baseline 0.007 -38"><span class='ocrx_word' id='word_1_92' title='bbox 215 1335 360 1400; x_wconf 86' lang='lat' dir='ltr'><strong>videlicet</strong></span> <span class='ocrx_word' id='word_1_93' title='bbox 374 1358 419 1402; x_wconf 90' lang='lat' dir='ltr'><strong>est</strong></span> <span class='ocrx_word' id='word_1_94' title='bbox 431 1345 506 1404; x_wconf 87' lang='lat' dir='ltr'><strong>mali</strong></span> <span class='ocrx_word' id='word_1_95' title='bbox 520 1358 647 1420; x_wconf 88' lang='lat' dir='ltr'><strong>natura,</strong></span> <span class='ocrx_word' id='word_1_96' title='bbox 660 1360 695 1405; x_wconf 93' lang='lat' dir='ltr'><strong>ut</strong></span> <span class='ocrx_word' id='word_1_97' title='bbox 707 1345 782 1406; x_wconf 88' lang='lat' dir='ltr'><strong>mali</strong></span> <span class='ocrx_word' id='word_1_98' title='bbox 797 1365 923 1427; x_wconf 87' lang='lat' dir='ltr'><strong>quoque</strong></span> <span class='ocrx_word' id='word_1_99' title='bbox 937 1343 1016 1403; x_wconf 92' lang='lat' dir='ltr'><strong>illud</strong></span> <span class='ocrx_word' id='word_1_100' title='bbox 1030 1342 1166 1402; x_wconf 90' lang='lat' dir='ltr'><strong>oderint.</strong></span> <span class='ocrx_word' id='word_1_101' title='bbox 1310 1401 1311 1430; x_wconf 47' lang='lat'><strong>,</strong></span> 
     </span>
    </p>

    <p class='ocr_par' dir='ltr' id='par_1_4' title="bbox 212 1427 1311 2225">
     <span class='ocr_line' id='line_1_13' title="bbox 255 1427 1311 1516; baseline 0.002 -30"><span class='ocrx_word' id='word_1_102' title='bbox 255 1427 322 1488; x_wconf 85' lang='lat'><strong>330.</strong></span> <span class='ocrx_word' id='word_1_103' title='bbox 337 1431 380 1488; x_wconf 91' lang='lat' dir='ltr'><strong>Ad</strong></span> <span class='ocrx_word' id='word_1_104' title='bbox 394 1431 474 1494; x_wconf 90' lang='lat' dir='ltr'><strong>hanc</strong></span> <span class='ocrx_word' id='word_1_105' title='bbox 486 1436 582 1516; x_wconf 80' lang='lat' dir='ltr'><strong>igitur</strong></span> <span class='ocrx_word' id='word_1_106' title='bbox 593 1437 635 1494; x_wconf 91' lang='lat' dir='ltr'><strong>ita</strong></span> <span class='ocrx_word' id='word_1_107' title='bbox 650 1437 735 1494; x_wconf 80' lang='lat' dir='ltr'><strong>luno</strong></span> <span class='ocrx_word' id='word_1_108' title='bbox 748 1456 858 1496; x_wconf 88' lang='lat' dir='ltr'><strong>acuens</strong></span> <span class='ocrx_word' id='word_1_109' title='bbox 873 1434 912 1495; x_wconf 86' lang='lat' dir='ltr'><strong>ad</strong></span> <span class='ocrx_word' id='word_1_110' title='bbox 927 1437 1007 1494; x_wconf 83' lang='lat' dir='ltr'><strong>iras:</strong></span> <span class='ocrx_word' id='word_1_111' title='bbox 1021 1431 1104 1494; x_wconf 87' lang='lat' dir='ltr'><strong>nihil</strong></span> <span class='ocrx_word' id='word_1_112' title='bbox 1118 1453 1134 1490; x_wconf 90' lang='lat' dir='ltr'><strong>a</strong></span> <span class='ocrx_word' id='word_1_113' title='bbox 1150 1446 1182 1491; x_wconf 88' lang='lat' dir='ltr'><strong>te</strong></span> <span class='ocrx_word' id='word_1_114' title='bbox 1197 1430 1266 1488; x_wconf 85' lang='lat' dir='ltr'><strong>alie·</strong></span> <span class='ocrx_word' id='word_1_115' title='bbox 1310 1437 1311 1452; x_wconf 66' lang='lat'>¹</span> 
     </span>
     <span class='ocr_line' id='line_1_14' title="bbox 216 1517 1266 1604; baseline 0.004 -33"><span class='ocrx_word' id='word_1_116' title='bbox 216 1535 293 1572; x_wconf 91' lang='lat' dir='ltr'><strong>num</strong></span> <span class='ocrx_word' id='word_1_117' title='bbox 306 1533 396 1598; x_wconf 86' lang='lat' dir='ltr'><strong>peto;</strong></span> <span class='ocrx_word' id='word_1_118' title='bbox 415 1524 580 1604; x_wconf 89' lang='lat' dir='ltr'><strong>proprium</strong></span> <span class='ocrx_word' id='word_1_119' title='bbox 597 1536 686 1582; x_wconf 90' lang='lat' dir='ltr'><strong>tuum</strong></span> <span class='ocrx_word' id='word_1_120' title='bbox 699 1537 747 1582; x_wconf 85' lang='lat' dir='ltr'><strong>est</strong></span> <span class='ocrx_word' id='word_1_121' title='bbox 759 1543 870 1584; x_wconf 89' lang='lat' dir='ltr'><strong>nocere</strong></span> <span class='ocrx_word' id='word_1_122' title='bbox 882 1545 889 1581; x_wconf 73' lang='grc' dir='ltr'><strong><em>ε</em></strong></span> <span class='ocrx_word' id='word_1_123' title='bbox 903 1521 1052 1604; x_wconf 86' lang='lat' dir='ltr'><strong>impende</strong></span> <span class='ocrx_word' id='word_1_124' title='bbox 1065 1519 1161 1593; x_wconf 91' lang='lat' dir='ltr'><strong>mibi,</strong></span> <span class='ocrx_word' id='word_1_125' title='bbox 1176 1517 1266 1597; x_wconf 90' lang='lat' dir='ltr'><strong>(dicit</strong></span> 
     </span>
     <span class='ocr_line' id='line_1_15' title="bbox 216 1601 1265 1690; baseline 0 -27"><span class='ocrx_word' id='word_1_126' title='bbox 216 1601 269 1678; x_wconf 85' lang='lat' dir='ltr'><strong>da,</strong></span> <span class='ocrx_word' id='word_1_127' title='bbox 283 1607 469 1690; x_wconf 86' lang='lat' dir='ltr'><strong>imperans),</strong></span> <span class='ocrx_word' id='word_1_128' title='bbox 482 1609 566 1672; x_wconf 89' lang='lat' dir='ltr'><strong>hunc</strong></span> <span class='ocrx_word' id='word_1_129' title='bbox 584 1609 735 1672; x_wconf 87' lang='lat' dir='ltr'><strong>laborem.</strong></span> <span class='ocrx_word' id='word_1_130' title='bbox 753 1615 860 1687; x_wconf 86' lang='lat' dir='ltr'><strong>Ratio,</strong></span> <span class='ocrx_word' id='word_1_131' title='bbox 878 1633 933 1672; x_wconf 88' lang='lat' dir='ltr'><strong>eur</strong></span> <span class='ocrx_word' id='word_1_132' title='bbox 953 1612 1028 1671; x_wconf 85' lang='lat' dir='ltr'><strong>velit</strong></span> <span class='ocrx_word' id='word_1_133' title='bbox 1045 1612 1093 1669; x_wconf 92' lang='lat' dir='ltr'><strong>uti</strong></span> <span class='ocrx_word' id='word_1_134' title='bbox 1112 1608 1265 1668; x_wconf 86' lang='lat' dir='ltr'><strong>industria</strong></span> 
     </span>
     <span class='ocr_line' id='line_1_16' title="bbox 216 1690 1263 1782; baseline 0.003 -32"><span class='ocrx_word' id='word_1_135' title='bbox 216 1690 310 1771; x_wconf 88' lang='lat' dir='ltr'><strong>hujus</strong></span> <span class='ocrx_word' id='word_1_136' title='bbox 326 1697 444 1758; x_wconf 81' lang='lat' dir='ltr'><strong>Furiae:</strong></span> <span class='ocrx_word' id='word_1_137' title='bbox 467 1722 506 1760; x_wconf 92' lang='lat' dir='ltr'><strong>ne</strong></span> <span class='ocrx_word' id='word_1_138' title='bbox 523 1722 609 1760; x_wconf 86' lang='lat' dir='ltr'><strong>meus</strong></span> <span class='ocrx_word' id='word_1_139' title='bbox 627 1699 745 1777; x_wconf 85' lang='lat' dir='ltr'><strong>honor,</strong></span> <span class='ocrx_word' id='word_1_140' title='bbox 765 1717 820 1760; x_wconf 89' lang='lat' dir='ltr'><strong>aut</strong></span> <span class='ocrx_word' id='word_1_141' title='bbox 836 1701 921 1760; x_wconf 88' lang='lat' dir='ltr'><strong>fama</strong></span> <span class='ocrx_word' id='word_1_142' title='bbox 939 1701 1166 1782; x_wconf 84' lang='lat' dir='ltr'><strong>periclitentur.</strong></span> <span class='ocrx_word' id='word_1_143' title='bbox 1182 1694 1263 1773; x_wconf 90' lang='lat' dir='ltr'><strong>Quid</strong></span> 
     </span>
     <span class='ocr_line' id='line_1_17' title="bbox 214 1784 1262 1868; baseline 0.005 -32"><span class='ocrx_word' id='word_1_144' title='bbox 214 1799 288 1840; x_wconf 90' lang='lat' dir='ltr'><strong>vero</strong></span> <span class='ocrx_word' id='word_1_145' title='bbox 302 1784 397 1862; x_wconf 84' lang='lat' dir='ltr'><strong>petit?</strong></span> <span class='ocrx_word' id='word_1_146' title='bbox 417 1786 555 1848; x_wconf 85' lang='lat' dir='ltr'><strong>disturba</strong></span> <span class='ocrx_word' id='word_1_147' title='bbox 570 1791 696 1868; x_wconf 84' lang='lat' dir='ltr'><strong>nuptias</strong></span> <span class='ocrx_word' id='word_1_148' title='bbox 707 1791 809 1850; x_wconf 81' lang='lat' dir='ltr'><strong>AEneae</strong></span> <span class='ocrx_word' id='word_1_149' title='bbox 823 1809 892 1848; x_wconf 87' lang='lat' dir='ltr'><strong>cum</strong></span> <span class='ocrx_word' id='word_1_150' title='bbox 907 1789 1056 1862; x_wconf 74' lang='lat' dir='ltr'><strong>Lavinia,</strong></span> <span class='ocrx_word' id='word_1_151' title='bbox 1074 1785 1124 1846; x_wconf 88' lang='lat' dir='ltr'><strong>fac</strong></span> <span class='ocrx_word' id='word_1_152' title='bbox 1138 1806 1179 1844; x_wconf 89' lang='lat' dir='ltr'><strong>ne</strong></span> <span class='ocrx_word' id='word_1_153' title='bbox 1191 1786 1262 1842; x_wconf 87' lang='lat' dir='ltr'><strong>Tro·</strong></span> 
     </span>
     <span class='ocr_line' id='line_1_18' title="bbox 212 1865 1264 1952; baseline 0.006 -29"><span class='ocrx_word' id='word_1_154' title='bbox 212 1865 280 1946; x_wconf 90' lang='lat' dir='ltr'><strong>jani</strong></span> <span class='ocrx_word' id='word_1_155' title='bbox 300 1871 331 1927; x_wconf 90' lang='lat' dir='ltr'><strong>in</strong></span> <span class='ocrx_word' id='word_1_156' title='bbox 354 1871 444 1932; x_wconf 92' lang='lat' dir='ltr'><strong>ltalia</strong></span> <span class='ocrx_word' id='word_1_157' title='bbox 463 1877 544 1934; x_wconf 85' lang='lat' dir='ltr'><strong>sint:</strong></span> <span class='ocrx_word' id='word_1_158' title='bbox 565 1875 617 1934; x_wconf 88' lang='lat' dir='ltr'><strong>sed</strong></span> <span class='ocrx_word' id='word_1_159' title='bbox 636 1877 790 1952; x_wconf 71' lang='lat' dir='ltr'><strong>Euandre,</strong></span> <span class='ocrx_word' id='word_1_160' title='bbox 812 1879 871 1951; x_wconf 91' lang='lat' dir='ltr'><strong>ait,</strong></span> <span class='ocrx_word' id='word_1_161' title='bbox 891 1897 957 1936; x_wconf 89' lang='lat' dir='ltr'><strong>non</strong></span> <span class='ocrx_word' id='word_1_162' title='bbox 971 1877 1096 1948; x_wconf 85' lang='lat' dir='ltr'><strong>AEneas,</strong></span> <span class='ocrx_word' id='word_1_163' title='bbox 1116 1887 1152 1932; x_wconf 94' lang='lat' dir='ltr'><strong>ut</strong></span> <span class='ocrx_word' id='word_1_164' title='bbox 1165 1874 1264 1952; x_wconf 80' lang='lat' dir='ltr'><strong>signet</strong></span> 
     </span>
     <span class='ocr_line' id='line_1_19' title="bbox 214 1955 1263 2048; baseline 0.005 -36"><span class='ocrx_word' id='word_1_165' title='bbox 214 1955 293 2013; x_wconf 89' lang='lat' dir='ltr'><strong>alius</strong></span> <span class='ocrx_word' id='word_1_166' title='bbox 314 1957 479 2042; x_wconf 86' lang='lat' dir='ltr'><strong>Trojanos,</strong></span> <span class='ocrx_word' id='word_1_167' title='bbox 500 1965 555 2045; x_wconf 95' lang='lat' dir='ltr'><strong>qui</strong></span> <span class='ocrx_word' id='word_1_168' title='bbox 577 1967 645 2045; x_wconf 90' lang='lat' dir='ltr'><strong>pari</strong></span> <span class='ocrx_word' id='word_1_169' title='bbox 665 1969 824 2048; x_wconf 81' lang='lat' dir='ltr'><strong>exemp&#39;o,</strong></span> <span class='ocrx_word' id='word_1_170' title='bbox 843 1969 941 2026; x_wconf 91' lang='lat' dir='ltr'><strong>immo</strong></span> <span class='ocrx_word' id='word_1_171' title='bbox 960 1967 1160 2037; x_wconf 86' lang='lat' dir='ltr'><strong>necessitate,</strong></span> <span class='ocrx_word' id='word_1_172' title='bbox 1182 1963 1263 2021; x_wconf 91' lang='lat' dir='ltr'><strong>utin</strong></span> 
     </span>
     <span class='ocr_line' id='line_1_20' title="bbox 215 2041 1264 2137; baseline 0.01 -36"><span class='ocrx_word' id='word_1_173' title='bbox 215 2041 317 2106; x_wconf 88' lang='lat' dir='ltr'><strong>aliena</strong></span> <span class='ocrx_word' id='word_1_174' title='bbox 334 2062 428 2128; x_wconf 87' lang='lat' dir='ltr'><strong>terra,</strong></span> <span class='ocrx_word' id='word_1_175' title='bbox 445 2056 571 2136; x_wconf 87' lang='lat' dir='ltr'><strong>nuptias</strong></span> <span class='ocrx_word' id='word_1_176' title='bbox 585 2056 680 2114; x_wconf 90' lang='lat' dir='ltr'><strong>etiam</strong></span> <span class='ocrx_word' id='word_1_177' title='bbox 698 2057 863 2118; x_wconf 89' lang='lat' dir='ltr'><strong>ambirent.</strong></span> <span class='ocrx_word' id='word_1_178' title='bbox 882 2058 930 2116; x_wconf 90' lang='lat' dir='ltr'><strong>Sic</strong></span> <span class='ocrx_word' id='word_1_179' title='bbox 949 2077 1062 2137; x_wconf 83' lang='lat' dir='ltr'><strong>supra3</strong></span> <span class='ocrx_word' id='word_1_180' title='bbox 1078 2054 1207 2114; x_wconf 79' lang='lat' dir='ltr'><strong>Extemi</strong></span> <span class='ocrx_word' id='word_1_181' title='bbox 1219 2071 1264 2109; x_wconf 84' lang='lat' dir='ltr'><strong>ue·</strong></span> 
     </span>
     <span class='ocr_line' id='line_1_21' title="bbox 215 2143 636 2225; baseline 0.033 -35"><span class='ocrx_word' id='word_1_182' title='bbox 215 2148 298 2192; x_wconf 79' lang='lat' dir='ltr'><strong>nient</strong></span> <span class='ocrx_word' id='word_1_183' title='bbox 309 2143 420 2218; x_wconf 74' lang='lat' dir='ltr'><strong>perrari,</strong></span> <span class='ocrx_word' id='word_1_184' title='bbox 434 2163 517 2218; x_wconf 91' lang='lat' dir='ltr'><strong>non,</strong></span> <span class='ocrx_word' id='word_1_185' title='bbox 532 2165 636 2225; x_wconf 84' lang='lat' dir='ltr'><strong>gener.</strong></span> 
     </span>
    </p>

    <p class='ocr_par' dir='ltr' id='par_1_5' title="bbox 256 2223 1262 2314">
     <span class='ocr_line' id='line_1_22' title="bbox 256 2223 1262 2314; baseline 0.006 -30"><span class='ocrx_word' id='word_1_186' title='bbox 256 2223 322 2286; x_wconf 84' lang='lat'><strong>335.</strong></span> <span class='ocrx_word' id='word_1_187' title='bbox 336 2231 515 2314; x_wconf 85' lang='lat' dir='ltr'><strong>Amplihcat</strong></span> <span class='ocrx_word' id='word_1_188' title='bbox 529 2235 726 2296; x_wconf 88' lang='lat' dir='ltr'><strong>numerando</strong></span> <span class='ocrx_word' id='word_1_189' title='bbox 740 2237 841 2300; x_wconf 81' lang='lat' dir='ltr'><strong>Furiae</strong></span> <span class='ocrx_word' id='word_1_190' title='bbox 856 2237 957 2300; x_wconf 89' lang='lat' dir='ltr'><strong>mala:</strong></span> <span class='ocrx_word' id='word_1_191' title='bbox 973 2234 1127 2298; x_wconf 86' lang='lat' dir='ltr'><strong>naturalis</strong></span> <span class='ocrx_word' id='word_1_192' title='bbox 1142 2247 1190 2293; x_wconf 86' lang='lat' dir='ltr'><strong>est</strong></span> <span class='ocrx_word' id='word_1_193' title='bbox 1203 2232 1262 2291; x_wconf 89' lang='lat' dir='ltr'><strong>fra-</strong></span> 
     </span>
    </p>
   </div>
   <div class='ocr_carea' id='block_1_3' title="bbox 215 2312 1312 2590">
    <p class='ocr_par' dir='ltr' id='par_1_6' title="bbox 215 2312 1312 2590">
     <span class='ocr_line' id='line_1_23' title="bbox 215 2312 1312 2411; baseline 0.001 -34"><span class='ocrx_word' id='word_1_194' title='bbox 215 2325 299 2374; x_wconf 87' lang='lat' dir='ltr'><strong>trum</strong></span> <span class='ocrx_word' id='word_1_195' title='bbox 319 2321 505 2396; x_wconf 84' lang='lat' dir='ltr'><strong>concordia3</strong></span> <span class='ocrx_word' id='word_1_196' title='bbox 525 2323 607 2384; x_wconf 84' lang='lat' dir='ltr'><strong>hanc</strong></span> <span class='ocrx_word' id='word_1_197' title='bbox 627 2340 661 2386; x_wconf 92' lang='lat' dir='ltr'><strong>tu</strong></span> <span class='ocrx_word' id='word_1_198' title='bbox 680 2341 823 2388; x_wconf 90' lang='lat' dir='ltr'><strong>naturam</strong></span> <span class='ocrx_word' id='word_1_199' title='bbox 841 2342 929 2411; x_wconf 87' lang='lat' dir='ltr'><strong>potes</strong></span> <span class='ocrx_word' id='word_1_200' title='bbox 946 2341 1101 2388; x_wconf 86' lang='lat' dir='ltr'><strong>evertere:</strong></span> <span class='ocrx_word' id='word_1_201' title='bbox 1122 2320 1263 2382; x_wconf 87' lang='lat' dir='ltr'><strong>naturale</strong></span> <span class='ocrx_word' id='word_1_202' title='bbox 1311 2312 1312 2392; x_wconf 84' lang='lat' dir='ltr'><strong>l</strong></span> 
     </span>
     <span class='ocr_line' id='line_1_24' title="bbox 217 2415 1263 2498; baseline 0.004 -36"><span class='ocrx_word' id='word_1_203' title='bbox 217 2419 277 2478; x_wconf 88' lang='lat' dir='ltr'><strong>est,</strong></span> <span class='ocrx_word' id='word_1_204' title='bbox 298 2421 333 2466; x_wconf 92' lang='lat' dir='ltr'><strong>ut</strong></span> <span class='ocrx_word' id='word_1_205' title='bbox 346 2430 423 2488; x_wconf 89' lang='lat' dir='ltr'><strong>quos</strong></span> <span class='ocrx_word' id='word_1_206' title='bbox 438 2433 536 2472; x_wconf 90' lang='lat' dir='ltr'><strong>unum</strong></span> <span class='ocrx_word' id='word_1_207' title='bbox 552 2416 749 2476; x_wconf 89' lang='lat' dir='ltr'><strong>domicilium</strong></span> <span class='ocrx_word' id='word_1_208' title='bbox 769 2416 947 2498; x_wconf 84' lang='lat' dir='ltr'><strong>conjunxit,</strong></span> <span class='ocrx_word' id='word_1_209' title='bbox 968 2415 1145 2495; x_wconf 77' lang='lat' dir='ltr'><strong>conjungat</strong></span> <span class='ocrx_word' id='word_1_210' title='bbox 1158 2431 1263 2470; x_wconf 88' lang='lat' dir='ltr'><strong>amor:</strong></span> 
     </span>
     <span class='ocr_line' id='line_1_25' title="bbox 215 2490 1312 2590; baseline 0.003 -35"><span class='ocrx_word' id='word_1_211' title='bbox 215 2490 438 2582; x_wconf 89' lang='lat' dir='ltr'><strong>huncquoque</strong></span> <span class='ocrx_word' id='word_1_212' title='bbox 452 2524 590 2566; x_wconf 90' lang='lat' dir='ltr'><strong>amorem</strong></span> <span class='ocrx_word' id='word_1_213' title='bbox 604 2521 782 2568; x_wconf 87' lang='lat' dir='ltr'><strong>convertere</strong></span> <span class='ocrx_word' id='word_1_214' title='bbox 792 2510 825 2570; x_wconf 91' lang='lat' dir='ltr'><strong>in</strong></span> <span class='ocrx_word' id='word_1_215' title='bbox 838 2508 948 2570; x_wconf 90' lang='lat' dir='ltr'><strong>odium</strong></span> <span class='ocrx_word' id='word_1_216' title='bbox 960 2522 1068 2590; x_wconf 86' lang='lat' dir='ltr'><strong>potes:</strong></span> <span class='ocrx_word' id='word_1_217' title='bbox 1084 2502 1212 2564; x_wconf 90' lang='lat' dir='ltr'><strong>nullum</strong></span> <span class='ocrx_word' id='word_1_218' title='bbox 1224 2514 1265 2561; x_wconf 84' lang='lat' dir='ltr'><strong>est</strong></span> <span class='ocrx_word' id='word_1_219' title='bbox 1311 2561 1312 2566; x_wconf 38' lang='lat'><strong>.</strong></span> 
     </span>
    </p>
   </div>
   <div class='ocr_carea' id='block_1_4' title="bbox 211 2671 1265 4119">
    <p class='ocr_par' dir='ltr' id='par_1_7' title="bbox 211 2671 1265 4119">
     <span class='ocr_line' id='line_1_26' title="bbox 215 2671 1262 2764; baseline -0.014 -14"><span class='ocrx_word' id='word_1_220' title='bbox 215 2679 294 2749; x_wconf 82' lang='lat' dir='ltr'><strong>ripid.</strong></span> <span class='ocrx_word' id='word_1_221' title='bbox 308 2684 334 2734; x_wconf 70' lang='lat' dir='ltr'><strong>in</strong></span> <span class='ocrx_word' id='word_1_222' title='bbox 347 2684 473 2741; x_wconf 64' lang='lat' dir='ltr'><strong>Tfflfflllb·</strong></span> <span class='ocrx_word' id='word_1_223' title='bbox 488 2693 627 2757; x_wconf 62' lang='lat' dir='ltr'><strong>turpant</strong></span> <span class='ocrx_word' id='word_1_224' title='bbox 638 2671 716 2746; x_wconf 76' lang='lat' dir='ltr'><strong>vohs·</strong></span> <span class='ocrx_word' id='word_1_225' title='bbox 796 2695 857 2764; x_wconf 82' lang='lat'><strong>327.</strong></span> <span class='ocrx_word' id='word_1_226' title='bbox 879 2693 941 2746; x_wconf 85' lang='lat' dir='ltr'><strong>Odit</strong></span> <span class='ocrx_word' id='word_1_227' title='bbox 955 2703 982 2744; x_wconf 88' lang='lat' dir='ltr'><strong>et</strong></span> <span class='ocrx_word' id='word_1_228' title='bbox 997 2692 1050 2762; x_wconf 84' lang='lat' dir='ltr'><strong>ipse</strong></span> <span class='ocrx_word' id='word_1_229' title='bbox 1063 2699 1143 2760; x_wconf 79' lang='lat' dir='ltr'><strong>puter</strong></span> <span class='ocrx_word' id='word_1_230' title='bbox 1157 2686 1262 2738; x_wconf 82' lang='lat' dir='ltr'><strong>Pluton.</strong></span> 
     </span>
     <span class='ocr_line' id='line_1_27' title="bbox 214 2759 1263 2841; baseline 0.009 -34"><span class='ocrx_word' id='word_1_231' title='bbox 214 2759 256 2809; x_wconf 90' lang='lat' dir='ltr'><strong>rit.</strong></span> <span class='ocrx_word' id='word_1_232' title='bbox 270 2760 385 2828; x_wconf 87' lang='lat' dir='ltr'><strong>Quidam</strong></span> <span class='ocrx_word' id='word_1_233' title='bbox 401 2782 533 2839; x_wconf 85' lang='lat' dir='ltr'><strong>sumptam</strong></span> <span class='ocrx_word' id='word_1_234' title='bbox 551 2771 715 2824; x_wconf 85' lang='lat' dir='ltr'><strong>arbitrantur</strong></span> <span class='ocrx_word' id='word_1_235' title='bbox 759 2774 946 2826; x_wconf 75' lang='lat' dir='ltr'><strong>venerationis</strong></span> <span class='ocrx_word' id='word_1_236' title='bbox 963 2784 1003 2824; x_wconf 88' lang='lat' dir='ltr'><strong>est</strong></span> <span class='ocrx_word' id='word_1_237' title='bbox 1022 2771 1074 2841; x_wconf 81' lang='lat' dir='ltr'><strong>ipre</strong></span> <span class='ocrx_word' id='word_1_238' title='bbox 1088 2779 1183 2840; x_wconf 81' lang='lat' dir='ltr'><strong>puter.-</strong></span> <span class='ocrx_word' id='word_1_239' title='bbox 1205 2785 1263 2817; x_wconf 86' lang='lat' dir='ltr'><strong>nam</strong></span> 
     </span>
     <span class='ocr_line' id='line_1_28' title="bbox 216 2841 1265 2922; baseline 0.005 -32"><span class='ocrx_word' id='word_1_240' title='bbox 216 2841 402 2912; x_wconf 88' lang='lat' dir='ltr'><strong>metaphoram</strong></span> <span class='ocrx_word' id='word_1_241' title='bbox 425 2847 458 2900; x_wconf 89' lang='lat' dir='ltr'><strong>ab</strong></span> <span class='ocrx_word' id='word_1_242' title='bbox 479 2850 633 2914; x_wconf 90' lang='lat' dir='ltr'><strong>arboribus,</strong></span> <span class='ocrx_word' id='word_1_243' title='bbox 656 2871 714 2922; x_wconf 82' lang='lat' dir='ltr'><strong>quae</strong></span> <span class='ocrx_word' id='word_1_244' title='bbox 759 2855 859 2912; x_wconf 72' lang='lat' dir='ltr'><strong>Furiae,</strong></span> <span class='ocrx_word' id='word_1_245' title='bbox 878 2851 1039 2904; x_wconf 80' lang='lat' dir='ltr'><strong>Acherontis</strong></span> <span class='ocrx_word' id='word_1_246' title='bbox 1051 2861 1079 2900; x_wconf 89' lang='lat' dir='ltr'><strong>et</strong></span> <span class='ocrx_word' id='word_1_247' title='bbox 1092 2848 1189 2900; x_wconf 86' lang='lat' dir='ltr'><strong>Noctis</strong></span> <span class='ocrx_word' id='word_1_248' title='bbox 1206 2859 1265 2897; x_wconf 87' lang='lat' dir='ltr'><strong>sunt</strong></span> 
     </span>
     <span class='ocr_line' id='line_1_29' title="bbox 215 2920 1264 3008; baseline 0.001 -34"><span class='ocrx_word' id='word_1_249' title='bbox 215 2920 273 2986; x_wconf 75' lang='lat' dir='ltr'><strong>aliis</strong></span> <span class='ocrx_word' id='word_1_250' title='bbox 290 2927 368 2977; x_wconf 86' lang='lat' dir='ltr'><strong>sectis</strong></span> <span class='ocrx_word' id='word_1_251' title='bbox 387 2927 563 2998; x_wconf 87' lang='lat' dir='ltr'><strong>repullulant,</strong></span> <span class='ocrx_word' id='word_1_252' title='bbox 581 2944 610 2982; x_wconf 89' lang='lat' dir='ltr'><strong>ut</strong></span> <span class='ocrx_word' id='word_1_253' title='bbox 626 2931 670 2982; x_wconf 92' lang='lat' dir='ltr'><strong>hic</strong></span> <span class='ocrx_word' id='word_1_254' title='bbox 683 2949 715 2982; x_wconf 88' lang='lat' dir='ltr'><strong>ea</strong></span> <span class='ocrx_word' id='word_1_255' title='bbox 760 2932 827 2984; x_wconf 80' lang='lat' dir='ltr'><strong>filiae.</strong></span> <span class='ocrx_word' id='word_1_256' title='bbox 841 2934 910 2986; x_wconf 86' lang='lat' dir='ltr'><strong>Serv.</strong></span> <span class='ocrx_word' id='word_1_257' title='bbox 922 2961 956 2970; x_wconf 91' lang='lat'>-</span> <span class='ocrx_word' id='word_1_258' title='bbox 966 2929 1009 2982; x_wconf 90' lang='lat' dir='ltr'><strong>Sic</strong></span> <span class='ocrx_word' id='word_1_259' title='bbox 1022 2941 1047 2980; x_wconf 85' lang='lat' dir='ltr'><strong>et</strong></span> <span class='ocrx_word' id='word_1_260' title='bbox 1059 2928 1150 2978; x_wconf 89' lang='lat' dir='ltr'><strong>Ditem</strong></span> <span class='ocrx_word' id='word_1_261' title='bbox 1162 2937 1264 3008; x_wconf 79' lang='lat' dir='ltr'><strong>patrem</strong></span> 
     </span>
     <span class='ocr_line' id='line_1_30' title="bbox 214 2999 1264 3080; baseline 0.004 -28"><span class='ocrx_word' id='word_1_262' title='bbox 214 2999 266 3051; x_wconf 82' lang='lat' dir='ltr'><strong>sint</strong></span> <span class='ocrx_word' id='word_1_263' title='bbox 283 3004 392 3055; x_wconf 85' lang='lat' dir='ltr'><strong>recidiva</strong></span> <span class='ocrx_word' id='word_1_264' title='bbox 410 3009 537 3080; x_wconf 73' lang='lat' dir='ltr'><strong>Perpama</strong></span> <span class='ocrx_word' id='word_1_265' title='bbox 552 3028 609 3080; x_wconf 87' lang='lat' dir='ltr'><strong>quae</strong></span> <span class='ocrx_word' id='word_1_266' title='bbox 626 3029 641 3060; x_wconf 88' lang='lat' dir='ltr'><strong>a</strong></span> <span class='ocrx_word' id='word_1_267' title='bbox 656 3009 716 3061; x_wconf 88' lang='lat' dir='ltr'><strong>reli·</strong></span> <span class='ocrx_word' id='word_1_268' title='bbox 759 3014 814 3066; x_wconf 90' lang='lat' dir='ltr'><strong>Cic.</strong></span> <span class='ocrx_word' id='word_1_269' title='bbox 824 3013 858 3066; x_wconf 91' lang='lat' dir='ltr'><strong>de</strong></span> <span class='ocrx_word' id='word_1_270' title='bbox 866 3025 921 3066; x_wconf 85' lang='lat' dir='ltr'><strong>nat.</strong></span> <span class='ocrx_word' id='word_1_271' title='bbox 929 3013 1011 3064; x_wconf 88' lang='lat' dir='ltr'><strong>Deor.</strong></span> <span class='ocrx_word' id='word_1_272' title='bbox 1021 3021 1109 3062; x_wconf 83' lang='lat' dir='ltr'><strong>vocat.</strong></span> <span class='ocrx_word' id='word_1_273' title='bbox 1124 3031 1136 3054; x_wconf 75' lang='lat' dir='ltr'><strong>e</strong></span> <span class='ocrx_word' id='word_1_274' title='bbox 1148 3009 1264 3060; x_wconf 87' lang='lat' dir='ltr'><strong>Terrena</strong></span> 
     </span>
     <span class='ocr_line' id='line_1_31' title="bbox 214 3083 1264 3160; baseline 0.002 -25"><span class='ocrx_word' id='word_1_275' title='bbox 214 3084 282 3152; x_wconf 84' lang='lat' dir='ltr'><strong>quiis</strong></span> <span class='ocrx_word' id='word_1_276' title='bbox 290 3083 467 3154; x_wconf 82' lang='lat' dir='ltr'><strong>Trojanorum</strong></span> <span class='ocrx_word' id='word_1_277' title='bbox 476 3103 649 3151; x_wconf 88' lang='lat' dir='ltr'><strong>renoventur;</strong></span> <span class='ocrx_word' id='word_1_278' title='bbox 658 3103 716 3141; x_wconf 88' lang='lat' dir='ltr'><strong>tan·</strong></span> <span class='ocrx_word' id='word_1_279' title='bbox 760 3105 848 3146; x_wconf 87' lang='lat' dir='ltr'><strong>autem</strong></span> <span class='ocrx_word' id='word_1_280' title='bbox 859 3109 900 3144; x_wconf 86' lang='lat' dir='ltr'><strong>res</strong></span> <span class='ocrx_word' id='word_1_281' title='bbox 912 3093 999 3143; x_wconf 83' lang='lat' dir='ltr'><strong>omnis</strong></span> <span class='ocrx_word' id='word_1_282' title='bbox 1010 3101 1092 3160; x_wconf 87' lang='lat' dir='ltr'><strong>atque</strong></span> <span class='ocrx_word' id='word_1_283' title='bbox 1102 3100 1204 3140; x_wconf 85' lang='lat' dir='ltr'><strong>natura</strong></span> <span class='ocrx_word' id='word_1_284' title='bbox 1213 3087 1264 3136; x_wconf 89' lang='lat' dir='ltr'><strong>Diti</strong></span> 
     </span>
     <span class='ocr_line' id='line_1_32' title="bbox 213 3163 1264 3244; baseline -0.013 -16"><span class='ocrx_word' id='word_1_285' title='bbox 213 3183 295 3234; x_wconf 70' lang='lat' dir='ltr'><strong>quam</strong></span> <span class='ocrx_word' id='word_1_286' title='bbox 312 3163 471 3231; x_wconf 61' lang='lat' dir='ltr'><strong>ivereium,</strong></span> <span class='ocrx_word' id='word_1_287' title='bbox 485 3171 610 3234; x_wconf 63' lang='grc' dir='ltr'><strong>πιλιμφνιῖ</strong></span> <span class='ocrx_word' id='word_1_288' title='bbox 625 3183 651 3222; x_wconf 82' lang='lat' dir='ltr'><strong>et</strong></span> <span class='ocrx_word' id='word_1_289' title='bbox 663 3191 713 3220; x_wconf 71' lang='lat' dir='ltr'><em>w</em></span> <span class='ocrx_word' id='word_1_290' title='bbox 759 3173 829 3244; x_wconf 88' lang='lat' dir='ltr'><strong>patri</strong></span> <span class='ocrx_word' id='word_1_291' title='bbox 847 3171 971 3224; x_wconf 73' lang='lat' dir='ltr'><strong>dedicata</strong></span> <span class='ocrx_word' id='word_1_292' title='bbox 985 3183 1038 3236; x_wconf 86' lang='lat' dir='ltr'><strong>est,</strong></span> <span class='ocrx_word' id='word_1_293' title='bbox 1059 3171 1107 3239; x_wconf 90' lang='lat' dir='ltr'><strong>qui</strong></span> <span class='ocrx_word' id='word_1_294' title='bbox 1123 3167 1217 3233; x_wconf 86' lang='lat' dir='ltr'><strong>dives,</strong></span> <span class='ocrx_word' id='word_1_295' title='bbox 1238 3177 1264 3216; x_wconf 89' lang='lat' dir='ltr'><strong>ut</strong></span> 
     </span>
     <span class='ocr_line' id='line_1_33' title="bbox 212 3246 1263 3323; baseline -0.011 -15"><span class='ocrx_word' id='word_1_296' title='bbox 212 3247 351 3308; x_wconf 62' lang='lat' dir='ltr'><strong>l&#39;ssfflml</strong></span> <span class='ocrx_word' id='word_1_297' title='bbox 358 3268 365 3296; x_wconf 77' lang='lat'>²</span> <span class='ocrx_word' id='word_1_298' title='bbox 377 3266 435 3317; x_wconf 69' lang='lat' dir='ltr'>(1¹1ae</span> <span class='ocrx_word' id='word_1_299' title='bbox 448 3249 519 3300; x_wconf 74' lang='lat' dir='ltr'><strong>Serv·</strong></span> <span class='ocrx_word' id='word_1_300' title='bbox 535 3251 593 3300; x_wconf 77' lang='lat' dir='ltr'><strong>AEu·</strong></span> <span class='ocrx_word' id='word_1_301' title='bbox 607 3251 644 3312; x_wconf 79' lang='lat' dir='ltr'><strong>X,</strong></span> <span class='ocrx_word' id='word_1_302' title='bbox 660 3251 711 3322; x_wconf 83' lang='lat'><strong>57:</strong></span> <span class='ocrx_word' id='word_1_303' title='bbox 759 3252 831 3323; x_wconf 87' lang='lat' dir='ltr'><strong>apud</strong></span> <span class='ocrx_word' id='word_1_304' title='bbox 841 3252 947 3306; x_wconf 82' lang='lat' dir='ltr'><strong>Graecos</strong></span> <span class='ocrx_word' id='word_1_305' title='bbox 963 3246 1084 3308; x_wconf 70' lang='lat' dir='ltr'><strong>rauciret,</strong></span> <span class='ocrx_word' id='word_1_306' title='bbox 1104 3246 1181 3318; x_wconf 91' lang='lat' dir='ltr'><strong>quod</strong></span> <span class='ocrx_word' id='word_1_307' title='bbox 1198 3247 1263 3298; x_wconf 89' lang='lat' dir='ltr'><strong>reci-</strong></span> 
     </span>
     <span class='ocr_line' id='line_1_34' title="bbox 212 3325 1263 3396; baseline 0.003 -24"><span class='ocrx_word' id='word_1_308' title='bbox 212 3325 369 3376; x_wconf 84' lang='lat' dir='ltr'><strong>renascentia</strong></span> <span class='ocrx_word' id='word_1_309' title='bbox 382 3327 586 3396; x_wconf 88' lang='lat' dir='ltr'><strong>interpretatur:</strong></span> <span class='ocrx_word' id='word_1_310' title='bbox 601 3327 648 3380; x_wconf 88' lang='lat' dir='ltr'><strong>sed</strong></span> <span class='ocrx_word' id='word_1_311' title='bbox 660 3348 715 3382; x_wconf 91' lang='lat' dir='ltr'><strong>ma·</strong></span> <span class='ocrx_word' id='word_1_312' title='bbox 758 3331 823 3384; x_wconf 90' lang='lat' dir='ltr'><strong>dant</strong></span> <span class='ocrx_word' id='word_1_313' title='bbox 836 3333 925 3384; x_wconf 88' lang='lat' dir='ltr'><strong>omnia</strong></span> <span class='ocrx_word' id='word_1_314' title='bbox 943 3332 971 3382; x_wconf 91' lang='lat' dir='ltr'><strong>in</strong></span> <span class='ocrx_word' id='word_1_315' title='bbox 983 3342 1082 3395; x_wconf 87' lang='lat' dir='ltr'><strong>terras,</strong></span> <span class='ocrx_word' id='word_1_316' title='bbox 1098 3339 1126 3378; x_wconf 90' lang='lat' dir='ltr'><strong>et</strong></span> <span class='ocrx_word' id='word_1_317' title='bbox 1144 3331 1263 3378; x_wconf 86' lang='lat' dir='ltr'><strong>oriantur</strong></span> 
     </span>
     <span class='ocr_line' id='line_1_35' title="bbox 212 3398 894 3480; baseline -0.004 -29"><span class='ocrx_word' id='word_1_318' title='bbox 212 3398 239 3450; x_wconf 93' lang='lat' dir='ltr'><strong>lo</strong></span> <span class='ocrx_word' id='word_1_319' title='bbox 252 3416 362 3472; x_wconf 87' lang='lat' dir='ltr'><strong>propter</strong></span> <span class='ocrx_word' id='word_1_320' title='bbox 372 3424 522 3458; x_wconf 85' lang='lat' dir='ltr'><strong>mensuram</strong></span> <span class='ocrx_word' id='word_1_321' title='bbox 533 3407 655 3458; x_wconf 75' lang='lat' dir='ltr'><strong>secundae</strong></span> <span class='ocrx_word' id='word_1_322' title='bbox 663 3408 715 3480; x_wconf 78' lang='lat' dir='ltr'><strong>syl.</strong></span> <span class='ocrx_word' id='word_1_323' title='bbox 758 3433 772 3465; x_wconf 65' lang='lat' dir='ltr'>e</span> <span class='ocrx_word' id='word_1_324' title='bbox 785 3414 894 3465; x_wconf 30' lang='lat' dir='ltr'><strong>terris,</strong></span> 
     </span>
     <span class='ocr_line' id='line_1_36' title="bbox 212 3477 1263 3561; baseline -0.019 -5"><span class='ocrx_word' id='word_1_325' title='bbox 212 3477 279 3530; x_wconf 61' lang='lat' dir='ltr'><strong>labae</strong></span> <span class='ocrx_word' id='word_1_326' title='bbox 293 3481 400 3534; x_wconf 58' lang='lat' dir='ltr'><strong>brevem</strong></span> <span class='ocrx_word' id='word_1_327' title='bbox 414 3484 503 3536; x_wconf 59' lang='grc' dir='ltr'><strong>Μαάθ</strong></span> <span class='ocrx_word' id='word_1_328' title='bbox 517 3504 597 3556; x_wconf 68' lang='lat' dir='ltr'><strong>quam</strong></span> <span class='ocrx_word' id='word_1_329' title='bbox 610 3505 626 3538; x_wconf 61' lang='grc' dir='ltr'>ἃ</span> <span class='ocrx_word' id='word_1_330' title='bbox 638 3488 712 3538; x_wconf 54' lang='grc' dir='ltr'><strong>08ἆο</strong></span> <span class='ocrx_word' id='word_1_331' title='bbox 792 3493 853 3546; x_wconf 85' lang='lat'><strong>335.</strong></span> <span class='ocrx_word' id='word_1_332' title='bbox 869 3491 910 3542; x_wconf 82' lang='lat' dir='ltr'><strong>Tit</strong></span> <span class='ocrx_word' id='word_1_333' title='bbox 922 3499 995 3561; x_wconf 81' lang='lat' dir='ltr'><strong>potes</strong></span> <span class='ocrx_word' id='word_1_334' title='bbox 1007 3487 1159 3538; x_wconf 80' lang='lat' dir='ltr'><strong>unanimos.</strong></span> <span class='ocrx_word' id='word_1_335' title='bbox 1176 3487 1200 3536; x_wconf 90' lang='lat' dir='ltr'><strong>A</strong></span> <span class='ocrx_word' id='word_1_336' title='bbox 1214 3506 1263 3537; x_wconf 85' lang='lat' dir='ltr'><strong>ma·</strong></span> 
     </span>
     <span class='ocr_line' id='line_1_37' title="bbox 213 3557 1261 3642; baseline 0.009 -35"><span class='ocrx_word' id='word_1_337' title='bbox 213 3557 328 3610; x_wconf 86' lang='lat' dir='ltr'><strong>derivari</strong></span> <span class='ocrx_word' id='word_1_338' title='bbox 341 3563 458 3614; x_wconf 86' lang='lat' dir='ltr'><strong>recidiva.</strong></span> <span class='ocrx_word' id='word_1_339' title='bbox 754 3574 813 3642; x_wconf 84' lang='lat' dir='ltr'><strong>jore</strong></span> <span class='ocrx_word' id='word_1_340' title='bbox 826 3571 861 3623; x_wconf 87' lang='lat' dir='ltr'><strong>ad</strong></span> <span class='ocrx_word' id='word_1_341' title='bbox 873 3572 968 3622; x_wconf 85' lang='lat' dir='ltr'><strong>minus.</strong></span> <span class='ocrx_word' id='word_1_342' title='bbox 982 3570 1053 3621; x_wconf 84' lang='lat' dir='ltr'><strong>Seru.</strong></span> <span class='ocrx_word' id='word_1_343' title='bbox 1067 3598 1102 3605; x_wconf 97' lang='lat'>—</span> <span class='ocrx_word' id='word_1_344' title='bbox 1116 3566 1227 3620; x_wconf 88' lang='lat' dir='ltr'><strong>Scilicet</strong></span> <span class='ocrx_word' id='word_1_345' title='bbox 1240 3579 1261 3617; x_wconf 88' lang='lat' dir='ltr'><strong>et</strong></span> 
     </span>
     <span class='ocr_line' id='line_1_38' title="bbox 249 3639 1260 3719; baseline -0.01 -14"><span class='ocrx_word' id='word_1_346' title='bbox 249 3639 308 3704; x_wconf 72' lang='lat'>3²4·</span> <span class='ocrx_word' id='word_1_347' title='bbox 322 3640 473 3714; x_wconf 70' lang='lat' dir='ltr'><strong>luctificam</strong></span> <span class='ocrx_word' id='word_1_348' title='bbox 485 3643 583 3696; x_wconf 82' lang='lat' dir='ltr'><strong>Alecto.</strong></span> <span class='ocrx_word' id='word_1_349' title='bbox 604 3645 711 3698; x_wconf 77' lang='lat' dir='ltr'><strong>Graecus</strong></span> <span class='ocrx_word' id='word_1_350' title='bbox 757 3647 864 3718; x_wconf 60' lang='lat' dir='ltr'><strong>rippam</strong></span> <span class='ocrx_word' id='word_1_351' title='bbox 882 3647 963 3718; x_wconf 73' lang='lat' dir='ltr'><strong>iprrir</strong></span> <span class='ocrx_word' id='word_1_352' title='bbox 979 3647 1105 3719; x_wconf 76' lang='lat' dir='ltr'><strong>AEachylo</strong></span> <span class='ocrx_word' id='word_1_353' title='bbox 1125 3660 1260 3698; x_wconf 81' lang='lat' dir='ltr'><strong>notantur.</strong></span> 
     </span>
     <span class='ocr_line' id='line_1_39' title="bbox 213 3720 1262 3791; baseline -0.019 5"><span class='ocrx_word' id='word_1_354' title='bbox 213 3720 379 3770; x_wconf 63' lang='lat' dir='ltr'><strong>³⁰⁰¹¹⁵³¹lv¹¹⁸</strong></span> <span class='ocrx_word' id='word_1_355' title='bbox 394 3736 441 3772; x_wconf 62' lang='lat'><strong>‘&#39;⁸“</strong></span> <span class='ocrx_word' id='word_1_356' title='bbox 463 3723 546 3791; x_wconf 77' lang='lat' dir='ltr'><strong>Hul¹¹⁸</strong></span> <span class='ocrx_word' id='word_1_357' title='bbox 560 3739 649 3776; x_wconf 60' lang='lat' dir='ltr'><strong>mem</strong></span> <span class='ocrx_word' id='word_1_358' title='bbox 663 3725 711 3776; x_wconf 85' lang='lat' dir='ltr'><strong>de·</strong></span> <span class='ocrx_word' id='word_1_359' title='bbox 757 3731 876 3784; x_wconf 80' lang='lat' dir='ltr'><strong>Celebris</strong></span> <span class='ocrx_word' id='word_1_360' title='bbox 895 3730 947 3780; x_wconf 89' lang='lat' dir='ltr'><strong>fuit</strong></span> <span class='ocrx_word' id='word_1_361' title='bbox 968 3745 1015 3780; x_wconf 85' lang='lat' dir='ltr'><strong>ara</strong></span> <span class='ocrx_word' id='word_1_362' title='bbox 1036 3727 1193 3781; x_wconf 79' lang='lat' dir='ltr'><strong>concordiae</strong></span> <span class='ocrx_word' id='word_1_363' title='bbox 1214 3728 1262 3777; x_wconf 80' lang='lat' dir='ltr'><strong>lra-</strong></span> 
     </span>
     <span class='ocr_line' id='line_1_40' title="bbox 213 3793 1261 3880; baseline -0.015 -9"><span class='ocrx_word' id='word_1_364' title='bbox 213 3793 364 3848; x_wconf 63' lang='lat' dir='ltr'><strong>⁰¹i¹¹³¹i⁰¹¹l⁸</strong></span> <span class='ocrx_word' id='word_1_365' title='bbox 375 3810 426 3850; x_wconf 69' lang='lat'><strong>¹¹⁸⁸</strong></span> <span class='ocrx_word' id='word_1_366' title='bbox 437 3795 539 3852; x_wconf 58' lang='lat' dir='ltr'><strong>famum</strong></span> <span class='ocrx_word' id='word_1_367' title='bbox 550 3821 627 3854; x_wconf 65' lang='lat' dir='ltr'><strong>casus</strong></span> <span class='ocrx_word' id='word_1_368' title='bbox 637 3823 713 3854; x_wconf 72' lang='lat' dir='ltr'><strong>usur·</strong></span> <span class='ocrx_word' id='word_1_369' title='bbox 757 3823 838 3862; x_wconf 73' lang='lat' dir='ltr'><strong>terna</strong></span> <span class='ocrx_word' id='word_1_370' title='bbox 851 3807 924 3880; x_wconf 89' lang='lat' dir='ltr'><strong>apud</strong></span> <span class='ocrx_word' id='word_1_371' title='bbox 935 3807 1058 3870; x_wconf 73' lang='lat' dir='ltr'><strong>Graecos,</strong></span> <span class='ocrx_word' id='word_1_372' title='bbox 1075 3819 1103 3858; x_wconf 89' lang='lat' dir='ltr'><strong>et</strong></span> <span class='ocrx_word' id='word_1_373' title='bbox 1118 3805 1261 3878; x_wconf 75' lang='lat' dir='ltr'><strong>Agathinus</strong></span> 
     </span>
     <span class='ocr_line' id='line_1_41' title="bbox 212 3879 1260 3962; baseline -0.012 -18"><span class='ocrx_word' id='word_1_374' title='bbox 212 3891 322 3944; x_wconf 81' lang='lat' dir='ltr'><strong>pamus,</strong></span> <span class='ocrx_word' id='word_1_375' title='bbox 332 3879 490 3946; x_wconf 69' lang='lat' dir='ltr'><strong>genitivum,</strong></span> <span class='ocrx_word' id='word_1_376' title='bbox 503 3882 656 3948; x_wconf 63' lang='grc' dir='ltr'><strong>ῑῑῑᾹῖθθῐῑίδ,</strong></span> <span class='ocrx_word' id='word_1_377' title='bbox 667 3903 714 3936; x_wconf 90' lang='lat' dir='ltr'><strong>no·</strong></span> <span class='ocrx_word' id='word_1_378' title='bbox 757 3890 806 3962; x_wconf 83' lang='lat' dir='ltr'><strong>Ep.</strong></span> <span class='ocrx_word' id='word_1_379' title='bbox 824 3889 871 3941; x_wconf 94' lang='lat' dir='ltr'><strong>lib.</strong></span> <span class='ocrx_word' id='word_1_380' title='bbox 885 3890 933 3955; x_wconf 91' lang='lat' dir='ltr'><strong>lll,</strong></span> <span class='ocrx_word' id='word_1_381' title='bbox 951 3889 994 3940; x_wconf 91' lang='lat' dir='ltr'><strong>cui</strong></span> <span class='ocrx_word' id='word_1_382' title='bbox 1008 3885 1088 3951; x_wconf 61' lang='lat' dir='ltr'><strong>kapit</strong></span> <span class='ocrx_word' id='word_1_383' title='bbox 1105 3884 1260 3954; x_wconf 65' lang='lat' dir='ltr'><strong>ipsoportirrr.</strong></span> 
     </span>
     <span class='ocr_line' id='line_1_42' title="bbox 211 3955 1259 4038; baseline 0.01 -34"><span class='ocrx_word' id='word_1_384' title='bbox 211 3955 383 4020; x_wconf 81' lang='lat' dir='ltr'><strong>minativum,</strong></span> <span class='ocrx_word' id='word_1_385' title='bbox 408 3970 433 4008; x_wconf 89' lang='lat' dir='ltr'><strong>et</strong></span> <span class='ocrx_word' id='word_1_386' title='bbox 458 3963 656 4030; x_wconf 83' lang='lat' dir='ltr'><strong>accusativum,</strong></span> <span class='ocrx_word' id='word_1_387' title='bbox 682 3979 712 4018; x_wconf 88' lang='lat' dir='ltr'><strong>ut</strong></span> <span class='ocrx_word' id='word_1_388' title='bbox 756 3969 942 4022; x_wconf 78' lang='lat' dir='ltr'><strong>-Armarein</strong></span> <span class='ocrx_word' id='word_1_389' title='bbox 949 3966 1042 4038; x_wconf 80' lang='lat' dir='ltr'><strong>proelia</strong></span> <span class='ocrx_word' id='word_1_390' title='bbox 1046 3966 1155 4038; x_wconf 81' lang='lat' dir='ltr'><strong>fratres.</strong></span> <span class='ocrx_word' id='word_1_391' title='bbox 1166 3967 1215 4018; x_wconf 79' lang='lat' dir='ltr'><strong>Ge.</strong></span> <span class='ocrx_word' id='word_1_392' title='bbox 1226 3967 1259 4026; x_wconf 91' lang='lat' dir='ltr'><strong>ll,</strong></span> 
     </span>
     <span class='ocr_line' id='line_1_43' title="bbox 214 4033 1262 4119; baseline -0.003 -22"><span class='ocrx_word' id='word_1_393' title='bbox 214 4033 709 4114; x_wconf 68' lang='lat' dir='ltr'><strong>Al⁹⁶l⁰·S·-·G·lll‚5525AEn.Vl,572.</strong></span> <span class='ocrx_word' id='word_1_394' title='bbox 758 4047 898 4116; x_wconf 74' lang='lat' dir='ltr'><strong>«gaudent</strong></span> <span class='ocrx_word' id='word_1_395' title='bbox 921 4048 1024 4118; x_wconf 82' lang='lat' dir='ltr'><strong>perfusi</strong></span> <span class='ocrx_word' id='word_1_396' title='bbox 1054 4047 1187 4119; x_wconf 70' lang='lat' dir='ltr'><strong>sanguine</strong></span> <span class='ocrx_word' id='word_1_397' title='bbox 1214 4047 1262 4095; x_wconf 81' lang='lat' dir='ltr'><strong>lra-</strong></span> 
     </span>
    </p>
   </div>
   <div class='ocr_carea' id='block_1_5' title="bbox 0 0 1326 4614">
    <p class='ocr_par' dir='ltr' id='par_1_8' title="bbox 0 0 1326 4614">
     <span class='ocr_line' id='line_1_44' title="bbox 0 0 1326 4614; baseline 0 0"><span class='ocrx_word' id='word_1_398' title='bbox 0 0 1326 4614; x_wconf 95' lang='lat' dir='ltr'><strong> </strong></span> 
     </span>
    </p>
   </div>
  </div>
 </body>
</html>
