2670 4596
321 250 372 312 IN
396 247 632 348 AENEIDOS
655 250 748 312 LlB.
774 251 798 312 l.
1039 255 1076 318 31

47 374 86 436 sed
98 377 213 434 Triton
226 385 257 434 et
270 369 445 453 Cymothoe
457 382 669 430 servaverant:
684 371 782 429 tribus
796 370 877 446 aliis,
890 393 968 454 quas
978 377 1080 438 Eurus

47 465 70 523 in
87 483 217 523 arenam
236 463 426 542 impegerat,
445 472 475 519 et
492 461 625 540 ipsemet
640 459 803 539 Neptunus
820 456 894 518 inde
910 461 1081 541 eripuerat,

46 553 139 612 levans
157 551 270 611 maria.
292 547 451 621 Procedit,
472 549 573 628 eqressi
595 549 679 606 Troes
696 549 847 627 potiuntur
860 567 951 606 arena
967 562 1081 629 optata,·

46 662 133 700 rmore
146 659 258 723 muqno
272 636 396 710 telluris,
409 639 460 696 vix
471 635 618 717 explices,
632 657 692 716 qua
706 637 896 717 proprietate
908 636 940 695 id
953 635 1081 698 dietum.

47 732 105 790 Non
117 745 280 810 utcunque
296 740 403 787 tenent
416 738 546 800 terram,
559 724 733 807 pedemque
745 724 844 806 figunt
860 727 892 783 in
907 727 1006 802 sicco,
1027 731 1082 810 qui

47 820 114 899 passi
125 832 198 878 sunt
207 828 438 897 tempestatem
449 814 502 874 sed
513 815 684 894 arripiunt,
695 813 940 894 amplectuntur,
951 811 1083 874 haerent·

49 927 96 987 que
106 927 159 966 ore
171 920 203 966 et
214 919 352 987 pectore.
362 902 438 962 lude
450 903 574 977 statim,
588 915 616 962 et
624 914 739 983 ponunt
749 913 828 961 arten
840 905 871 960 in
885 899 978 978 litore,
992 905 1083 962 nimi-

47 1016 107 1054 rum
120 995 296 1077 projiciunt
308 1014 339 1052 se
349 993 383 1052 in
392 992 484 1068 litus,
497 989 618 1066 sedent,
632 1003 686 1049 aut
696 987 815 1070 jacent,
828 1004 863 1048 ut
876 991 988 1071 cuique
1002 1013 1086 1051 com·

47 1084 177 1144 modum.
196 1085 289 1144 Artas
303 1080 428 1142 ualentes
440 1079 500 1140 sale
515 1094 604 1156 sunt,
623 1077 703 1138 salsa
717 1099 798 1159 aqua
809 1077 991 1158 languentes
1004 1101 1083 1140 mar-

47 1189 218 1255 centesque,
233 1195 268 1232 ac
283 1170 382 1232 veluti
394 1170 509 1245 tabidi,
523 1183 554 1230 et
566 1170 709 1230 exsiccati
725 1167 889 1247 salsugine.

85 1260 146 1343 174.
159 1260 251 1321 Nulla
263 1261 352 1342 prior
361 1259 422 1320 fuit
432 1280 521 1334 cura,
533 1279 628 1340 quam
638 1257 677 1317 de
686 1259 758 1338 igne
768 1255 941 1318 excitando.
953 1255 1083 1318 Achates

47 1349 73 1408 id
84 1351 237 1432 praestitit.
256 1351 419 1410 Damnant
432 1347 486 1408 hic
501 1347 599 1428 aliqui
614 1359 755 1429 poetam,
774 1346 828 1406 alii
843 1345 1017 1406 defendunt
1027 1367 1084 1428 per

46 1444 138 1520 ιστιριι
149 1443 288 1520 πρότιρονε
304 1459 379 1498 nam
391 1435 536 1498 videlicet
550 1449 664 1518 putant
679 1456 736 1517 per
751 1437 809 1494 ista
825 1435 1084 1520 rapuitflammom

47 1529 197 1610 insumite,
217 1525 368 1609 explicari·
383 1538 487 1586 aetum
506 1525 596 1589 illum
616 1527 754 1608 primum
772 1545 905 1586 excussae
921 1524 1081 1586 scintilla:

46 1615 92 1675 alii
102 1617 205 1692 aliter3
218 1616 271 1680 sed
283 1637 378 1678 nemo
386 1616 497 1698 placet.
508 1617 601 1680 Poeta
612 1614 693 1677 clare
706 1617 750 1676 ait
758 1660 768 1691 ,
776 1628 897 1696 raptam
909 1614 1082 1692 flammam,

46 1725 101 1764 non
112 1705 297 1780 scintillam,
300 1725 375 1768 ,non
387 1707 504 1786 ignem.
516 1707 666 1768 Dicamus
676 1725 764 1786 ergo,
775 1724 934 1766 excussam
944 1707 1082 1786 primunr

47 1813 77 1852 ex
91 1792 178 1854 silice
196 1751 384 1869 scintillam,
399 1814 494 1873 quam
511 1791 651 1852 deinde'
641 1813 738 1874 rpnem
753 1806 859 1866 voeat;
869 1791 931 1852 hic
943 1795 1093 1894 primum¹

45 1895 200 1962 susceptus
210 1879 367 1941 estiolns
381 1895 455 1962 post
464 1879 532 1941 haec
544 1882 688 1962 apposita
698 1893 772 1942 sunt
781 1879 868 1942 arida
878 1883 1082 1956 nutrimenta,

44 1989 105 2048 quae
117 1983 212 2030 vocat
223 1967 381 2045 fomitem,
394 1984 430 2029 ut
441 1970 568 2028 flamma
579 1971 781 2044 excitaretur,
792 1989 877 2051 quae,
893 1972 966 2051 quia
976 1973 1083 2030 statim

43 2078 164 2118 accensa
185 2073 248 2133 est,
268 2058 381 2119 dicitur
401 2059 484 2140 rapi;
508 2071 543 2118 ut
563 2057 706 2140 quotidie
724 2059 893 2119 videmus
885 2081 919 2118 m
937 2057 1081 2140 naphtha

43 2145 119 2222 fieri,
130 2160 162 2206 et
174 2149 210 2208 in
223 2148 427 2209 tormentario
437 2145 576 2228 pulvere

80 2255 143 2315 ¹77·
165 2235 324 2296 Posterior
341 2255 417 2295 cura
436 2233 496 2294 fuit
514 2235 553 2295 de
572 2235 787 2316 comparando
805 2231 886 2294 cibo.
906 2235 982 2294 llli
975 2247 1081 2316 itaque

39 2321 103 2401 fessi
113 2341 223 2394 rerum,
239 2319 273 2380 id
286 2335 346 2396 est,
360 2321 573 2386 calamitatum
581 2344 685 2405 ,quas
697 2325 777 2405 passi
792 2324 825 2382 in
838 2322 1017 2404 naufragio,
1034 2344 1081 2383 ex-

40 2408 169 2488 pediunt,
183 2423 260 2474 nota
269 2410 421 2488 studium,
434 2414 562 2474 Cererem
574 2411 658 2473 undis
669 2426 832 2495 corruptam
838 2437 849 2486 ;
861 2411 1009 2494 intelligit
1019 2413 1082 2473 fru-

42 2511 155 2572 menta3
170 2497 300 2563 Cerealia
311 2523 396 2565 ιιιιιιιι
409 2517 482 2565 suut
493 2502 606 2583 quibus
620 2502 723 2606 fruges
736 2503 776 2562 ad
789 2523 892 2564 escam
903 2521 1083 2584 comparen-

43 2599 100 2663 tur,
109 2586 305 2668 frangantur,
314 2601 470 2652 terantur
482 2591 554 2652 ideo
565 2607 706 2671 sequitur
714 2606 821 2673 parant
831 2607 933 2654 torrere
933 2591 1081 2674 flammis

43 2689 69 2734 et
77 2677 307 2766 surosmnpere5
321 2681 397 2760 quia
407 2678 552 2741 videlicet
564 2681 707 2780 oportuit
718 2681 806 2758 prius
821 2679 977 2740 frumenta
991 2680 1084 2737 exsie-

43 2776 106 2822 cata
118 2785 196 2838 esse,
211 2778 246 2823 ut
258 2767 303 2829 sic
313 2764 553 2847 frangerentur:
543 2765 616 2826 ·hic
628 2767 712 2827 enim
723 2763 803 2826 nihil
812 2778 858 2826 est
868 2763 953 2826 aliud
965 2779 1081 2845 torrere,

43 2874 136 2934 quam
146 2853 314 2931 arefacere,
328 2871 361 2918 et
374 2859 500 2918 siccare.

86 2943 146 3000 180.
164 2941 266 3018 Quae
254 2963 321 3022 Jam
332 2945 434 3007 AEneae
446 2945 600 3028 principis
613 2940 707 3004 cure?
721 2940 884 3004 Sollicitus
880 2957 938 3005 est
951 2942 990 3004 de
1002 2946 1081 3018 suis,

42 3027 204 3089 comcendrt
211 3028 377 3111 scopulum,
387 3035 458 3114 petit
468 3031 524 3093 tue
531 3043 712 3114 prospectum
722 3051 839 3091 omnem
848 3029 968 3114 pelaqo,
979 3031 1014 3092 id
1012 3047 1082 3108 est,

81 3187 136 3240 172.
155 3170 251 3224 Arena
271 3173 420 3241 Quaeritur,
441 3174 540 3228 habeat
585 3173 670 3226 elicit·
664 3193 746 3246 quia
755 3173 845 3226 cudere
854 3186 893 3226 est
904 3176 999 3226 ferire
1010 3174 1081 3226 unde

42 3267 127 3301 necne
144 3269 242 3304 nomen
258 3251 311 3304 hoe
333 3255 538 3324 aspirationem:
585 3266 611 3306 et
621 3252 692 3305 incus
703 3253 814 3315 dicitur,
831 3252 903 3322 quod
916 3253 970 3302 illic
981 3253 1084 3324 aliquid

43 3342 70 3380 et
79 3331 162 3382 Varro
173 3331 211 3383 sio
224 3330 340 3384 diffinitz
355 3331 403 3384 «si
413 3333 447 3386 ab
460 3332 541 3384 aridi·
586 3332 730 3400 cudamus,
742 3332 769 3384 id
783 3345 837 3397 est,
848 3334 982 3384 feriamus.
993 3335 1062 3386 Serv.
1102 3342 1106 3350 ¹

41 3423 99 3462 tate
114 3411 210 3464 dieitur
222 3431 277 3464 non
294 3413 393 3466 habet:
407 3415 429 3465 si
443 3413 476 3465 ah
491 3412 542 3464 hae·
624 3413 681 3464 180.
694 3414 797 3464 AEneas.
806 3412 901 3462 Merita
909 3432 1083 3482 personarum

41 3489 182 3557 rend0,ut
191 3495 219 3544 in
228 3492 339 3544 fabricis
348 3491 542 3558 videmus,ha·
585 3490 682 3544 vilibus
704 3491 798 3542 officiis
817 3492 943 3546 interesse
959 3515 1013 3548 non
1035 3497 1083 3550 de·

39 3573 88 3624 het
100 3595 110 3618 ιι
122 3573 233 3624 :melior
251 3585 345 3628 tamen,
360 3585 401 3626 est
420 3574 544 3644 superior.
585 3569 667 3626 beot:
683 3569 755 3642 quod
764 3571 832 3622 bene
849 3571 972 3626 observat
983 3575 1084 3650 ubique

39 3651 210 3724 etymologia.
223 3653 293 3704 Serv.
585 3651 728 3722 Virgilium
742 3663 771 3706 ut
789 3651 816 3704 in
829 3651 962 3707 hoc-loeo.
971 3659 1040 3710 rltern
1055 3662 1084 3712 in

79 3733 139 3801 ¹74·
151 3731 189 3784 Ae
201 3732 317 3804 primum
328 3731 395 3784 silici
402 3729 544 3785 scintillam
588 3743 676 3799 sextu,
687 3749 747 3786 cum
759 3729 870 3786 diuersis
883 3735 977 3788 ciliciis
989 3724 1084 3809 Troj‘a·

37 3811 358 3864 excitditAelrater.-Bene
372 3809 470 3881 adjecit
484 3829 544 3882 spe·
589 3830 638 3864 nos
655 3811 754 3864 diceret
772 3827 934 3888 occupatos,
952 3819 1007 3870 ait:
1025 3822 1085 3871 ιΔι

38 3892 125 3957 dem,
138 3893 240 3962 quiain
255 3891 392 3962 lapidibus
409 3891 487 3942 certis
503 3891 545 3944 iu·
590 3893 650 3964 pius
672 3893 766 3945 AEneas
794 3913 867 3948 arces
894 3897 989 3966 quihus
1016 3899 1085 3954 altus

36 3969 543 4042 teniturignis.-ExcuditFeriendo
589 3971 685 4044 Apollo
694 3973 911 4030 praesideamus
921 3995 1003 4048 quum
1012 3997 1085 4032 caus-
