2676 4602
319 299 371 364 tu
394 298 630 365 austros
653 301 746 364 ma.
772 301 834 365 1v.
1032 308 1096 394 249

47 437 223 508 utrumque
238 423 380 505 proprie3
400 441 473 480 nam
489 432 518 480 et
534 419 680 504 lacryma
694 421 883 482 feminarum
897 435 984 500 sunt,
1004 437 1035 484 et
1048 429 1097 485 vir

46 512 144 573 fortis
159 533 217 594 per
228 509 369 570 dextram
380 503 660 589 adjuranduslerat.
670 509 706 568 ld
716 509 799 570 istud
809 511 905 570 etiam
915 513 1014 571 amori
1025 534 1097 572 con·

44 603 138 661 venit
150 623 156 658 :
168 599 329 680 namquid
341 595 420 656 mibi
431 595 588 678 reliquum
598 611 709 679 praeter
719 619 800 658 meas
810 598 974 679 lacrymas,
984 613 1097 680 praeter

46 690 196 750 dextram
209 685 315 747 tuam?
325 684 375 744 his
391 706 449 766 ego
463 698 492 745 te
503 684 651 766 imploro,
665 685 724 746 hac
735 700 769 745 tu
779 708 829 746 me
840 686 963 766 adjuva.
974 689 1094 768 Pergit:

44 783 107 838 Per
119 775 270 838 connubia
285 787 402 835 norma:
424 795 463 834 an
480 776 553 834 satis
568 773 648 834 hoc?
668 774 757 834 addit
773 778 910 858 auspicia
926 776 1096 858 nuptialia,

45 887 120 948 quae
133 865 270 938 laetiora,
283 877 314 922 et
321 863 527 942 jucundiora3
538 862 609 922 ideo
618 884 670 944 per
678 867 852 944 Hymenaeus
857 889 868 937 ,-
882 879 913 924 et
922 863 981 924 hos
993 867 1096 946 incaep-

45 971 90 1018 tos
100 977 175 1016 cum
188 955 274 1035 gravi
284 951 409 1026 dolore,
421 954 510 1034 quasi
525 951 626 1012 dicat:
638 954 811 1033 incoeptum
822 973 959 1012 amorem
972 951 1097 1012 abrum-

43 1047 97 1126 pis
114 1045 185 1125 ipso
198 1043 303 1102 statim
319 1042 426 1116 initio,
444 1063 542 1123 quum
556 1040 609 1100 ille
624 1055 669 1101 est
683 1039 871 1100 fortissimus
884 1065 890 1099 :
906 1045 930 1102 si
945 1040 1013 1102 bene
1026 1040 1098 1122 quid
1121 1069 1122 1072 ¹

42 1132 79 1192 de
93 1145 119 1192 te
133 1132 241 1203 merui,
255 1131 344 1210 quasi
358 1131 471 1204 invita,
492 1143 523 1189 et
534 1128 646 1190 nolens
658 1128 808 1190 beneficia
821 1127 961 1210 objiciat,
968 1130 1033 1211 fuit
1045 1141 1099 1189 aut

43 1218 96 1280 tibi
105 1220 264 1299 quicquam
273 1214 368 1277 Dulce
377 1239 472 1276 meum
485 1216 589 1277 :velat
598 1217 825 1278 modestissime
835 1239 899 1277 rem
912 1217 1095 1296 conjugum,

41 1320 170 1368 tantum
186 1305 510 1388 indicatavolupute.
521 1307 578 1368 Sed
590 1307 667 1390 quid
680 1307 805 1368 tandem
818 1323 891 1389 post
902 1321 950 1368 tot
960 1305 1095 1366 obtesta-

41 1395 167 1458 tiones?
178 1395 260 1455 lllud
272 1417 369 1456 unum
378 1442 386 1472 ,
396 1391 552 1457 Miserere:
565 1399 635 1478 quis
646 1397 770 1458 dubitet
780 1398 867 1458 illam
878 1399 1093 1470 obtenturam,

39 1483 129 1566 quod
142 1498 232 1544 tanto
243 1483 375 1544 artificio
386 1487 567 1565 quaesierat,
579 1489 640 1546 nisi
652 1490 735 1548 Deus
748 1486 861 1567 aliquis
873 1487 1023 1546 obstinati
1033 1487 1094 1544 viri

39 1595 132 1634 aures
150 1573 366 1656 praeclusisset!
386 1578 513 1650 Domus,
534 1579 622 1657 quasi
639 1598 703 1636 non
721 1577 769 1636 sui
787 1575 904 1653 solunt,
924 1575 977 1636 sed
994 1577 1092 1634 totius

39 1665 157 1723 domus
171 1664 314 1722 interitus
327 1675 455 1742 agatur:
471 1661 609 1735 tabentia
622 1686 699 1724 nam-
709 1663 860 1724 distracto
873 1662 1020 1745 conjugio
1033 1660 1093 1721 dis·

39 1747 121 1810 solvi
133 1749 247 1809 domus
260 1748 429 1810 debuisset.
442 1751 610 1812 Concludit
621 1752 704 1813 hanc
715 1768 836 1835 partem
847 1751 1092 1814 obsecratoriam
1178 1774 1187 1788 ¹

38 1837 120 1913 illis,
135 1859 223 1911 exue,
235 1857 300 1911 oro,
314 1839 398 1898 istam
410 1853 550 1916 mentem,
564 1843 664 1924 siquis
677 1840 775 1903 adhuc
790 1840 868 1902 locus
878 1839 1018 1924 precibus.
1112 1898 1116 1908 ,

79 1970 152 2028 320.
171 1967 315 2028 Produnt
336 1983 494 2046 auctores,
513 1970 572 2031 hos
592 1993 697 2033 versus
718 1973 937 2054 pronuntiatos
958 1991 976 2029 a
996 1979 1091 2050 poeta

36 2079 149 2120 coram
165 2059 302 2138 Augusto
315 2081 386 2118 cum
399 2062 520 2141 magnis
535 2060 716 2138 affectibus,
731 2064 851 2142 ingenti
863 2061 1020 2132 omnium,
1034 2057 1090 2138 qui

37 2149 189 2222 aderant,
202 2147 421 2210 admiratione.
434 2153 516 2231 Ergo
528 2166 635 2210 narrat
644 2152 709 2231 jam
721 2150 877 2233 pericula,
892 2153 925 2208 in
936 2167 1006 2230 quae
1016 2165 1090 2206 con·

32 2239 136 2318 jecta,
158 2236 244 2318 quod
261 2259 360 2297 unum
380 2241 507 2298 AEneam
527 2238 675 2299 omnihus
690 2241 908 2321 praeposuerit.
931 2235 1024 2297 Odere
1042 2253 1089 2292 me

33 2339 149 2408 qentes,
160 2324 274 2406 plurali
285 2347 433 2402 numero,
444 2330 518 2408 quia
528 2327 620 2388 multi
632 2349 728 2398 unam
739 2339 941 2410 oppugnant,
954 2339 986 2385 et
994 2342 1089 2406 prop-

34 2431 83 2496 ter
97 2436 198 2474 unum
207 2416 335 2475 AEneam
346 2415 475 2496 lybicae,
488 2414 640 2498 inagnum
650 2416 801 2498 quiddam
812 2417 872 2478 hoc
884 2429 931 2478 est
944 2417 976 2474 in
987 2413 1088 2496 Libya

33 2504 205 2563 habitanti.
216 2504 443 2587 Nomadumque
454 2511 584 2588 tyranni,
597 2508 700 2588 majus
709 2507 783 2585 boc,
799 2529 895 2591 quam
905 2508 932 2566 si
942 2505 1086 2577 dixisset,

32 2592 205 2654 Nomadas:
218 2607 263 2653 est
275 2596 359 2654 enim
372 2598 496 2676 tyranni
507 2617 625 2658 nomen
635 2598 797 2674 odiosum,
810 2612 842 2658 et
853 2619 925 2658 cum
935 2616 1000 2678 quo
1012 2614 1086 2654 con-

30 2682 183 2760 junctum
196 2695 242 2740 est
253 2679 305 2761 jus
318 2681 472 2744 maleficii.
489 2688 570 2766 Tyrii
582 2687 688 2768 infensi
696 2699 776 2758 sunt,
793 2699 885 2765 auget
894 2685 1085 2754 orationem,

33 2791 111 2829 nam
133 2768 168 2828 hi
190 2769 348 2851 conjuncti
365 2793 478 2852 genere
500 2794 572 2834 cum
593 2773 734 2834 Didone:
757 2794 821 2833 non
843 2771 946 2832 solum
966 2771 1085 2828 incurri

32 2871 168 2942 propter
180 2871 211 2918 te
225 2861 258 2919 iu
278 2859 387 2920 odium
402 2861 564 2937 Afrorum,
583 2863 637 2922 sed
653 2865 687 2921 in
702 2860 812 2922 odium
824 2879 978 2920 meorum.
999 2853 1084 2931 Quid

34 2947 185 3008 tandem?
194 2948 288 3028 pudor
297 2953 452 3010 exstinctus
464 2965 505 3012 est
512 2964 628 3033 propter
637 2966 662 3011 te
672 2972 782 3011 unum:
799 2947 937 3010 haerebat
946 2945 1007 3005 hoc
1017 2943 1085 3002 fau·

32 3037 144 3112 cibus;
154 3040 452 3118 nequeverecundia
461 3039 585 3101 sinebat
595 3040 699 3124 loqui,
710 3039 764 3101 sed
774 3039 902 3100 tandem
912 3039 995 3096 victa
1005 3033 1084 3107 hac,

32 3141 63 3185 et
78 3121 239 3206 prolatum
252 3123 300 3200 id,
319 3125 404 3207 quod
419 3126 650 3206 firmissimum,
671 3129 709 3188 ad
722 3149 847 3190 causam
863 3150 869 3185 :
892 3144 994 3207 neque
1008 3139 1083 3181 vero

31 3213 139 3274 solum
152 3215 318 3274 exstinctus
329 3215 432 3297 pudor
447 3233 566 3280 secreto
582 3231 643 3295 est,
665 3218 718 3280 sed
734 3221 830 3278 etiam
845 3215 1025 3296 evulgatum
1040 3222 1084 3270 est

30 3302 172 3373 facinus3
192 3311 222 3359 ct
234 3303 386 3362 exstincta
401 3306 593 3389 etiamfama
608 3309 719 3388 quovis
736 3327 813 3366 auro
828 3303 1008 3388 pretiosior,
1024 3319 1084 3380 qua

30 3389 97 3451 sola
109 3388 203 3450 sidera
215 3389 347 3466 adibam,
365 3392 398 3452 id
413 3409 473 3469 est,
491 3395 623 3456 tollebar
637 3399 670 3455 in
683 3395 808 3471 caelum,
828 3389 1082 3470 celebrabarque.

31 3478 78 3537 Ab
99 3476 284 3536 haeresum
304 3485 606 3544 commemoratione
625 3484 763 3564 erumpit
781 3485 815 3541 in
836 3478 934 3539 illud:
956 3480 1081 3556 Hoqoas,

31 3567 125 3647 quasi
138 3564 205 3643 jam
220 3587 284 3624 non
299 3569 448 3644 maritus,
462 3573 511 3631 cui
522 3570 625 3631 deseris
639 3591 684 3629 me
698 3569 737 3629 de
751 3569 911 3651 praesenti3
927 3581 958 3626 et
972 3561 1083 3642 objicit

32 3674 150 3714 nomen
165 3651 347 3730 desertoris,
367 3677 383 3715 a
402 3679 464 3738 quo
481 3659 681 3720 vehementer
698 3659 846 3719 abhorret
862 3659 985 3716 animus
1002 3653 1083 3713 mili-

33 3746 120 3806 taris.
135 3745 184 3804 sic
198 3745 323 3804 Turnus
336 3746 481 3806 eumdem
495 3765 589 3810 vocat
600 3750 768 3810 desertorem
779 3749 858 3808 Asiae
872 3749 992 3827 signata
1006 3765 1081 3825 qua·

34 3832 108 3891 dam
124 3831 336 3891 contumelia:
357 3833 576 3911 moribundam,
598 3833 728 3896 mirifica
749 3837 809 3910 aps!
830 3835 928 3917 Supra
945 3834 1080 3910 dixerat,

33 3923 189 3994 utorituro,
208 3942 281 3981 cum
302 3936 447 4004 respectu
466 3921 506 3982 ad
526 3925 648 4001 futura,
668 3945 751 3985 nunc
771 3923 975 3987 moribundam
992 3921 1078 4006 quod

35 4011 175 4087 pravius,
198 4031 272 4070 uam
287 4024 317 4070 et
331 4009 393 4072 hoc
408 4015 606 4094 praesentius,
626 4013 734 4094 etjam
749 4015 781 4073 in
797 4011 908 4076 oculis.
929 4010 1021 4087 Quod
1034 4031 1080 4071 se·
