2670 4596
382 237 434 300 IN
457 234 692 300 AENEIDOS
716 237 810 302 LIB.
836 239 860 300 1.
897 235 900 242 ’
1099 243 1140 328 39

137 363 205 424 238.
216 360 329 422 Gravis
340 357 503 433 estdolor,
515 359 568 438 qui
581 370 693 438 praeter
704 359 964 440 exspectationem
974 363 1142 443 contingit,

93 447 173 512 irinc
195 453 302 509 Venus
325 449 584 530 conquestionem
604 459 717 508 movet.
741 449 823 528 Ego,
846 449 962 528 inquit,
987 447 1051 510 fata
1071 451 1143 512 fatis

95 559 321 620 compensans,
335 535 395 598 hoc
409 558 473 597 uno
486 549 600 596 eventu
612 534 739 596 solabar
748 555 897 598 occasum
908 536 1023 618 Trojae,
1036 542 1145 622 acrui·

96 647 153 686 nas
163 629 269 688 tristes
280 625 364 686 illius
374 625 602 686 florentissimae
612 623 710 686 urbis.
718 625 776 686 Sed
784 647 863 688 nunc
871 647 970 708 quum
979 629 1145 709 sperabam

95 716 180 790 fore,
205 729 241 778 ut
262 715 433 799 tranquilla
453 716 560 776 omnia
582 728 696 786 essent,
712 716 837 800 sortem
858 715 973 791 eadem,
998 716 1143 793 adversa,
1236 775 1238 780 .

94 817 127 862 et
144 807 194 864 sui
211 825 335 886 semper
350 803 474 878 similis,
493 804 654 884 insequitur
670 805 745 862 viros
762 815 841 864 actos
859 815 901 864 tot
918 801 1038 864 casibus.
1061 804 1144 884 Ergo

97 896 160 954 Rex
172 915 292 974 maqrte,
297 915 389 998 'quem
399 893 450 953 das
450 893 549 974 finem
560 889 713 952 mierum?
722 893 824 952 Inest
816 913 850 952 m
859 890 975 998 blanda
984 891 1059 954 hac
1051 907 1145 954 mter-

96 986 263 1064 rogatione
274 985 322 1043 vis
334 984 529 1064 precationis

141 1070 208 1146 ι4ι.
221 1071 320 1133 Rem
310 1093 374 1152 jam
387 1071 483 1132 efficit
495 1081 677 1152 argumento
688 1071 854 1130 Antenoris
866 1091 884 1128 a
896 1073 1018 1130 minore
1030 1070 1068 1130 ad
1081 1091 1144 1130 ma·
1195 1135 1197 1146 ,

95 1159 164 1240 jus,
186 1183 241 1243 qur
233 1161 361 1222 multis
375 1159 617 1221 difficultatibus
632 1161 786 1241 superatis
799 1157 932 1220 urbem
924 1181 958 1220 ιιι
971 1158 1060 1220 ltalia
1072 1179 1146 1220 oon·

0 1294 1 1297 ,
100 1246 191 1308 didit.
203 1250 274 1308 Ait·
265 1255 386 1330 itaque,
399 1249 534 1310 Antenor
542 1245 656 1329 clapsus
668 1245 789 1310 Achivis
800 1246 900 1308 mediis
910 1250 1005 1330 potuit
1013 1267 1145 1328 superare

95 1339 180 1398 sinus
196 1335 344 1418 illyricos,
362 1351 448 1420 atque
462 1350 539 1398 tants
554 1357 688 1419 superare
706 1357 794 1420 repra
814 1340 918 1398 intima
933 1336 1143 1409 Liburnorum,

98 1439 128 1486 et
130 1426 250 1508 fontem
265 1429 388 1487 Timavi.
400 1423 571 1490 Considera
584 1446 620 1485 ex
632 1425 681 1485 his
695 1421 858 1486 nonnulla.
871 1429 942 1487 Non
952 1425 1088 1498 dictum,
1101 1423 1146 1484 di·

1 1573 2 1576 ,
99 1516 230 1592 missus,
244 1517 289 1576 art
302 1515 439 1590 Servius
453 1511 560 1574 sedad
575 1513 728 1574 meldram
741 1514 870 1598 elapsus,
886 1535 949 1596 quo
961 1527 1051 1574 notet
1065 1512 1146 1595 fugi-

100 1605 220 1679 tivum,
231 1607 383 1687 etpotuit,
396 1625 461 1664 non
476 1605 605 1680 meruit,
617 1615 652 1664 ut
664 1606 846 1665 audaciam
863 1601 1022 1665 etAcinots
1031 1602 1146 1676 medus,

1 1769 2 1772 Ἴ
102 1707 137 1752 ut
147 1693 371 1754 difficultatem
382 1693 535 1770 eamdem,
546 1715 644 1776 quum
654 1696 698 1753 ait
707 1697 795 1770 sinus,
808 1716 873 1755 non
885 1696 1002 1769 sinum3
1018 1707 1048 1754 et
1061 1706 1147 1766 tuno,

99 1783 185 1864 quod
198 1782 376 1846 indebitum
388 1781 561 1866 proditori:
576 1805 665 1865 reqno
678 1786 794 1860 intima,
809 1793 895 1860 rere,
910 1795 987 1844 etex
999 1781 1128 1842 historia
1139 1804 1146 1838 :

100 1873 143 1931 ait
154 1874 241 1932 eninr
254 1875 377 1950 Livius,
388 1875 578 1934 Antenorem
593 1875 700 1933 uenisse
712 1875 744 1933 in
752 1876 893 1935 vintimum
905 1875 994 1932 maris
1004 1871 1148 1931 Adriatici

98 1961 206 2020 sinum.
220 1961 364 2037 Quorum
379 1981 452 2021 vero
466 1981 561 2042 regna
576 1961 751 2042 superavit?
763 1961 974 2036 Liburnorum,
991 1963 1045 2040 qui
1060 1969 1148 2022 erant

98 2050 336 2129 pugnacissimi
354 2049 433 2112 Vide
454 2061 531 2131 quot
554 2051 756 2110 incrementa
763 2051 934 2110 orationis?
955 2049 1008 2110 sed
1030 2057 1148 2110 restant

98 2135 209 2216 plura:
222 2139 341 2239 potuit,
354 2137 473 2220 inquit,
488 2157 634 2226 superare
644 2138 765 2198 fontem
774 2138 910 2212 Timavi,
929 2135 1027 2209 Unde,
1037 2157 1073 2194 ex
1083 2155 1146 2215 quo

99 2223 201 2301 fonte,
218 2229 240 2288 it
252 2228 422 2286 Timavus
413 2243 495 2308 ipse,
508 2243 563 2308 per
577 2247 680 2286 novem
696 2247 748 2287 om
765 2241 846 2288 vasto
862 2227 969 2286 montis
983 2243 1144 2295 murmure,

101 2325 251 2416 tanquam
267 2336 346 2374 mare
355 2329 541 2418 proruptum,
553 2329 583 2376 et
589 2318 695 2396 premit
704 2337 776 2376 arua
789 2329 904 2376 sonanti
899 2313 1025 2396 pelope.
1039 2309 1148 2384 Vides,

102 2404 146 2460 uti
161 2403 337 2464 orationem
347 2405 466 2464 auxerit
477 2420 608 2475 narrans
621 2401 836 2476 difficultates,
849 2421 924 2482 quas
935 2403 1074 2460 Antenor
1082 2418 1149 2480 per·

101 2489 188 2564 vicit,
210 2488 313 2550 iactus
326 2509 456 2571 compos
471 2509 600 2549 suorum
618 2501 779 2564 votorum,
798 2489 894 2570 qnod
898 2507 1061 2570 nunquam
1075 2505 1147 2545 con·

1 2579 2 2582 ’
102 2579 172 2659 tigit
192 2580 305 2640 AEneae.
318 2583 390 2640 Haec
406 2580 491 2638 enim
509 2577 620 2666 procul
637 2578 734 2638 dubio
749 2598 836 2637 mens
851 2589 963 2659 poetae,
977 2575 1149 2658 praesertim

103 2685 129 2724 ει
121 2666 335 2742 consideres,
353 2666 475 2726 nullum
492 2685 569 2741 esse,
591 2677 645 2726 aut
662 2679 742 2726 certe
757 2667 904 2746 exiguum
921 2663 1085 2722 fluviolum
1098 2663 1147 2720 Τί

104 2773 240 2828 mavum,
251 2755 304 2813 cui
313 2767 418 2814 tamen
428 2749 514 2814 dedit
522 2775 625 2814 novem
636 2774 701 2826 ora,
713 2753 853 2832 dixitque
864 2772 899 2810 ex
910 2761 1040 2809 sonante
1050 2749 1148 2808 fluvio

104 2839 242 2898 vicinum
267 2855 407 2901 montem
428 2843 681 2913 immurmurare3
705 2851 735 2899 et
753 2840 891 2913 vocavit,
912 2857 979 2896 non
999 2821 1146 2909 fluvium,

104 2927 154 2986 sed
165 2950 258 3002 mare,
279 2941 309 2989 et
325 2925 511 3012 proruptum,
536 2947 599 3011 quo
618 2928 804 3010 magnitudo
823 2926 960 2986 fluminis
977 2923 1146 3000 indicetur,

105 3018 187 3098 quod
206 3019 310 3080 nullas
332 3020 477 3102 agnoscit
496 3041 582 3096 oras,
603 3015 705 3080 nullas
727 3021 824 3100 ripas,
845 3017 958 3098 quibus
976 3037 1031 3098 per
1049 3014 1148 3073 latera

105 3109 348 3190 constringatur,
371 3123 582 3192 arcteturque,
603 3104 654 3169 sed
674 3109 781 3191 utique
794 3105 986 3207 prorumpit,
1008 3104 1146 3186 proruit,

110 3193 268 3276 diruitque
278 3199 401 3258 omnia:
412 3197 483 3260 ideo
497 3211 604 3282 postea
616 3220 646 3258 se
661 3197 816 3280 explicans
826 3197 931 3278 premit
942 3211 1027 3264 arna,
1042 3189 1073 3248 id
1087 3201 1147 3266 est,

107 3283 285 3364 populatur,
298 3300 409 3346 vexat:-
424 3285 529 3348 deerat
539 3286 751 3370 profunditas,
767 3284 840 3345 ideo
851 3283 970 3365 peia905
963 3279 1088 3340 ·deerat
1098 3301 1148 3340 ra-

1 3379 3 3400 *
107 3370 238 3451 piditas,
254 3373 324 3436 ideo
335 3379 461 3436 sonanti

108 3552 174 3619 dius,
184 3558 452 3626 quamavoluntate:
465 3558 606 3630 pinsenim
649 3555 740 3621 nanti,
758 3555 810 3606 hoc
825 3550 938 3624 intelligi
948 3547 1059 3603 volunt
1074 3548 1148 3620 quod

107 3647 158 3700 est,
170 3654 226 3688 ιιοιι
238 3655 335 3706 posse,
348 3657 428 3710 quam
440 3635 521 3690 noiie.
533 3641 604 3692 Sero.
651 3649 726 3688 tanta
737 3647 777 3686 est
786 3637 814 3686 in
823 3632 875 3684 illis
885 3631 951 3682 locis
961 3645 1080 3695 accessa,
1090 3645 1148 3699 que

141 3714 201 3780 46
222 3715 331 3790 Priapo.
356 3719 492 3788 Aquarum
519 3717 606 3772 ιὼιιιι-
652 3716 749 3770 dicitur
761 3731 858 3774 maris
869 3723 898 3763 ut
910 3729 958 3782 per
972 3724 1019 3761 ora
1028 3709 1147 3772 Timavi,

105 3793 205 3846 dantia.
212 3799 359 3849 -Premit
376 3800 536 3870 Populator,
548 3815 607 3851 vas-
651 3795 680 3848 id
699 3809 754 3861 est,
773 3811 858 3866 usque
877 3792 911 3846 ad
929 3793 1034 3842 initium
1050 3789 1149 3853 fontis,

109 3885 153 3924 tat
171 3875 239 3928 Sane
256 3878 350 3930 multi:
369 3880 396 3930 1r
410 3899 481 3931 more
496 3897 607 3950 prorup-
651 3895 724 3929 mare
737 3871 881 3928 ascendat
875 3872 966 3925 unde
976 3885 1029 3922 art
1023 3870 1070 3920 It
1079 3885 1150 3918 mare

108 3963 178 4020 “lma
196 3955 230 4008 Et
247 3978 254 4008 ²
272 3953 370 4032 Peldqo
385 3960 481 4031 premit
491 3977 553 4012 arva
568 3977 606 4014 to·
648 3965 804 4030 proruptum
816 3965 842 4006 et
852 3952 946 4024 peiapo
957 3951 1053 4022 premit
1069 3965 1146 4008 arva,
