2692 4594
335 329 389 394 IN
408 324 646 396 'AENEIDOS
670 327 762 395 LIB.
788 329 861 393 III.
1056 351 1141 396 aor-

75 449 157 531 ejns:
177 454 202 512 si
221 473 287 514 non
305 473 451 534 maguam
467 452 553 512 illam
567 451 707 534 Trojam,
724 453 780 513 ubi
799 452 878 524 nati3
899 457 930 509 at
948 458 1027 510 certe
1039 447 1121 510 banc

74 539 218 620 Trojam,
233 561 326 622 quam
338 561 393 599 vos
405 541 511 600 vestris
523 538 667 600 manibus
680 541 763 600 nasci
777 540 904 600 fecistis:
917 550 992 618 opto
1004 550 1122 610 autem,

75 641 111 684 ut
122 625 192 685 haee
208 639 305 686 vestra
318 625 410 708 Troja
422 627 547 688 condita
559 627 653 687 fuerit
665 628 845 687 melioribus
857 625 1014 707 auspiciis,
1026 643 1121 706 quam

74 715 208 794 antiqua
219 715 288 788 illa‚·
300 714 332 773 id
346 728 403 790 est,
418 717 521 774 miuus
534 715 674 796 exposita
684 715 782 774 furori
795 715 984 774 Graecorum.

116 803 185 860 500.
201 803 340 883 Perplexi
359 803 591 883 aliquantulum
608 804 658 862 isti
676 823 793 879 versus,
813 803 883 862 illos
897 799 1061 883 tyronibus
1077 797 1123 856 ita

74 890 226 971 expedio:
240 894 274 952 Si
289 893 362 972 (ali)
378 893 495 974 quando
514 895 590 952 intra
603 894 671 972 (ve)
688 915 719 953 ro
737 891 862 973 Tybae,
882 910 1008 970 arvaque
1025 889 1123 962 vicina

77 977 228 1056 Tybridis,
247 1000 421 1060 comamque
441 981 548 1040 moenia
568 979 637 1039 dato
657 978 763 1058 (fatis)
780 981 859 1061 qemi
877 998 965 1050 meae5
977 975 1124 1058 sociemus

76 1061 199 1144 Trtp'am
214 1079 379 1146 utramque,
393 1073 505 1147 (quam
518 1086 573 1125 vos
587 1065 783 1143 condidistis,
798 1079 828 1125 et
840 1085 933 1146 quam
946 1083 1003 1121 nos
1014 1059 1125 1120 conde-
1195 1109 1203 1119 t

73 1155 174 1230 mus),
186 1175 277 1214 unum
289 1157 397 1214 animis
406 1156 453 1234 (id
463 1168 517 1229 est,
529 1157 722 1234 unanimem)
732 1177 738 1213 :
750 1167 902 1236 utramque
911 1153 983 1212 dico
997 1146 1124 1233 ijam,

72 1244 230 1302 nimirum
241 1243 322 1303 urbes
331 1244 401 1304 olim
414 1259 552 1327 capacitas
558 1290 567 1318 ,
577 1243 754 1327 populosque
761 1247 936 1326 propinquos
945 1243 1008 1321 (in)
1018 1241 1124 1320 Epiro,

71 1337 120 1406 (et
133 1333 184 1410 in)
203 1335 357 1414 Hesperia,
379 1335 481 1416 quibus
499 1335 647 1414 (urbibus
666 1348 695 1396 et
714 1334 854 1416 populis)
876 1333 949 1391 idem
968 1328 1126 1390 Dardanus

71 1421 148 1499 (est)
162 1434 278 1495 auctor,
291 1436 378 1504 atque
394 1425 521 1503 (quibus
534 1425 627 1502 inest)
643 1424 719 1483 idem
735 1445 817 1484 casus
833 1422 1039 1502 (miserrimus
1049 1423 1073 1492 z)
1087 1437 1126 1476 ea

71 1529 144 1567 cura
155 1521 397 1590 maneatnepotes
408 1523 527 1570 nostros.
543 1511 609 1569 Hac
620 1510 806 1570 vocularum
819 1507 1056 1589 interpositione
1066 1504 1126 1562 cla·

72 1619 108 1656 ra
126 1599 185 1657 erit
200 1593 354 1658 sententia
371 1601 507 1658 novitiis.
524 1602 594 1665 lam
610 1621 680 1660 meo
699 1621 786 1660 more
798 1599 885 1660 illam
899 1596 1035 1679 explico:
1051 1593 1126 1654 dicit

71 1684 388 1766 utramqueTrojam,
400 1687 645 1766 ctEpiroticam,
655 1699 684 1746 et
692 1687 830 1746 italicam
840 1684 952 1744 debere
960 1703 1022 1742 esse
1030 1700 1126 1746 unam

73 1776 205 1850 animis,
217 1775 336 1850 studio,
349 1775 518 1834 voluntate.
528 1775 630 1853 Hujus
640 1777 682 1838 rei
697 1779 775 1836 ratio
786 1774 994 1856 quadruplex:
1007 1773 1125 1854 prima,
1185 1783 1187 1789 ’

71 1865 223 1944 cognatio
244 1864 325 1944 ipsa3
344 1885 418 1923 nam
439 1885 547 1924 omues
565 1863 711 1944 Trojani:
733 1865 885 1938 secunda,
905 1861 1125 1944 propinquitas

72 1951 237 2024 locorum3
248 1971 321 2009 nam
334 1952 521 2032 propinquae
534 1951 593 2010 sibi
605 1950 708 2026 Italia,
721 1965 751 2011 et
762 1953 889 2032 Epirus:
901 1949 1006 2020 tertia,
1018 1960 1126 2006 auctor

71 2040 159 2099 idem
178 2041 303 2119 utrique
322 2042 425 2119 genti3
445 2039 552 2114 idest,
573 2037 756 2098 Dardanus:
777 2051 901 2118 quarta,
923 2059 1009 2098 casus
1027 2037 1125 2110 idem3

73 2151 150 2190 nam
164 2129 300 2189 Helenus
312 2142 405 2208 atque
420 2131 528 2188 AEneas
540 2131 633 2188 variis
646 2126 767 2188 casibus
779 2129 885 2207 agitati
896 2138 977 2186 sunt.
990 2127 1127 2184 Particu-

72 2217 102 2277 la
118 2215 193 2278 olim
210 2217 360 2298 capienda
372 2215 423 2290 bic
435 2216 473 2276 de
486 2233 628 2296 tempore
641 2215 766 2288 futuro,
780 2228 815 2273 ut
831 2234 909 2294 saepe
921 2213 994 2272 alias
1007 2210 1078 2272 olim
1092 2213 1127 2270 in

71 2322 245 2388 posterum.
261 2307 307 2366 De
321 2305 386 2374 hac,
394 2307 580 2386 cognatione
593 2309 675 2365 inter
687 2305 832 2386 Epirotas
844 2316 874 2362 et
885 2304 1043 2362 Romanos
1055 2305 1127 2360 cori·

72 2396 223 2456 sulendus
235 2413 277 2456 est
292 2399 442 2456 Excursus
454 2397 540 2469 XIII,
556 2409 631 2456 tom.
644 2396 688 2470 ll,
703 2416 774 2477 pag.
786 2391 855 2468 468.

115 2485 185 2548 506.
202 2487 262 2545 Ubi
277 2485 403 2546 solvunt
415 2507 450 2546 ex
462 2487 575 2566 Epire,
587 2487 707 2566 signate
720 2505 754 2545 ex
769 2482 940 2557 Buthroto,
957 2482 1126 2545 Ceraunios

72 2587 215 2647 montes,
236 2573 311 2632 alias
329 2575 587 2647 Acroceraunios‚
608 2572 837 2655 praeterlegunt.
860 2572 938 2630 Sunt
955 2567 989 2628 bi
1009 2570 1043 2628 in
1062 2568 1125 2628 fine

72 2666 160 2746 Epiri
178 2663 218 2723 ad
235 2664 361 2722 Ionium
377 2683 476 2738 mare,
491 2683 508 2722 e
521 2666 648 2742 regione
664 2661 775 2736 Italiae,
795 2661 837 2721 sic
854 2659 930 2718 dicti
947 2658 986 2716 ab
1003 2657 1125 2716 assidua

73 2751 247 2810 fulminum
260 2749 465 2830 jaculatione,
481 2749 530 2808 cui
546 2750 684 2830 expositi.

116 2841 184 2901 508.
198 2838 372 2898 Perindeac
380 2841 403 2898 si
413 2838 511 2912 dicat3
522 2837 593 2896 ideo
602 2837 706 2917 opaci,
717 2835 789 2914 quia
799 2832 985 2891 umbrantur
993 2830 1125 2890 abeunte

74 2927 150 2988 sole.
171 2929 235 3000 Ait,
251 2940 341 2986 nocte
365 2925 548 2986 adveniente
568 2922 758 2984 descendisse
780 2920 906 2979 inlitus
927 2917 965 2980 ad
988 2917 1126 2976 curanda

73 3015 147 3073 cibo
166 3033 313 3094 corpora,
328 3011 366 3072 ad
380 3011 546 3093 capiendos
563 3030 706 3071 somnos:
724 3007 775 3068 sed
793 3009 876 3088 prius
891 3021 1011 3080 tamen,
1030 3025 1125 3083 quam

73 3125 189 3185 corpus
201 3115 325 3176 curant,
337 3123 439 3162 remos
454 3103 644 3174 sortiuntur,
661 3111 696 3158 ut
713 3099 751 3158 ad
766 3099 890 3179 signum
907 3094 1049 3156 Palinuri
1063 3106 1122 3152 sta-

72 3195 132 3250 tim
146 3203 275 3270 surgant
290 3188 330 3248 ad
342 3188 585 3250 incumbendum
601 3188 705 3248 remis.

113 3282 184 3341 512.
197 3277 329 3339 Pulchra
338 3300 442 3340 rerum
450 3280 622 3362 oppositio:
635 3277 721 3337 strati
732 3287 819 3336 erant
829 3273 942 3332 milites
953 3269 1036 3328 dulci
1048 3289 1124 3328 som-

71 3391 116 3430 no
128 3367 296 3448 implicati:
311 3367 475 3428 Palinurus
487 3380 559 3427 ante
571 3379 694 3426 noctem
706 3363 842 3423 mediam
852 3360 918 3442 jam
930 3361 1042 3441 surgit,
1055 3379 1124 3418 ven·

72 3471 121 3518 tos
135 3457 292 3538 explorat;
305 3471 410 3538 captat
421 3478 539 3532 aerem3
552 3467 640 3516 notat
655 3454 764 3514 sidera.

110 3633 172 3700 514.
190 3633 301 3687 Auribus
313 3655 373 3688 aera
382 3646 476 3706 captat.
489 3638 577 3688 Natu·
657 3631 717 3686 515.
737 3630 826 3683 Sidera
844 3635 937 3676 cuncta
955 3635 1036 3675 notat.
1057 3624 1121 3677 Ideo

72 3716 129 3768 rale
143 3715 215 3766 enim
227 3727 281 3778 est,
299 3729 330 3766 ut
344 3735 358 3766 a
377 3734 431 3784 qua
442 3728 518 3786 parte
530 3715 578 3766 fla·
620 3722 728 3774 cuncta,
746 3711 810 3780 quia
821 3708 848 3757 in
861 3705 1038 3776 prognosticis
1053 3703 1121 3776 legi-

72 3813 149 3848 turus
171 3807 211 3846 est
230 3807 344 3859 ventus,
373 3794 486 3846 adeam
505 3797 576 3846 auris
621 3788 1074 3857 turnonsuflicereunumsignum
1088 3784 1123 3836 ad

72 3877 184 3930 admota
194 3875 317 3945 frigidior
327 3874 381 3926 liat.
392 3875 462 3927 Serv.
474 3906 509 3914 —·
517 3877 577 3927 Vir·
622 3868 812 3941 explorandam
818 3867 937 3916 futuram
943 3865 1121 3916 serenitatem.

71 3955 152 4027 gilius
164 3953 209 4006 hic
221 3955 337 4006 Homero
351 3955 489 4024 superior,
507 3966 575 4006 teste
620 3981 655 3990 -—
667 3950 756 4002 Tacito
767 3947 838 4000 coelo.
851 3949 904 3998 Aut
913 3957 1061 4008 nocturno,
1073 3961 1122 4012 per

72 4035 197 4088 Macrob.
210 4033 315 4086 Satura.
326 4036 359 4086 V.
376 4051 414 4085 Η.
621 4030 695 4101 quod
714 4043 834 4083 tacetur:
865 4038 910 4078 aut
929 4027 986 4096 ipse
1005 4025 1120 4076 tacitus:
