2670 4596
405 331 745 416 orsonrsrrro.
997 337 1091 430 „xiij

54 477 131 525 rum
149 460 309 555 scriptis,
327 483 552 558 rerumquae
565 486 754 532 narravere
768 465 895 533 notitia
910 460 992 560 plus
1007 461 1093 534 her·

54 567 147 660 cule,
163 597 278 670 quam
293 597 336 642 ex
352 571 511 647 historiae
525 575 718 647 annalibus
736 564 889 676 petatur.

303 752 356 821 De
370 771 532 824 UNITATE
549 755 653 852 Epici
669 758 841 824 carminis.

97 915 164 987 Sed
181 943 222 989 ea
238 936 289 991 est
302 937 383 994 turn
398 928 490 1020 epici
508 929 698 1011 carminis,
715 941 794 994 tnm
812 929 919 996 etiam
936 917 1093 994 humani

57 1031 187 1127 ingenii
201 1051 352 1123 natura,
375 1054 416 1108 ut
433 1036 566 1109 frustra
581 1055 634 1110 tot
651 1037 891 1110 effundantur
904 1063 1008 1136 opes,
1025 1041 1095 1110 nisi

55 1143 99 1213 ad
122 1172 227 1218 unam
247 1175 326 1220 rem
347 1169 508 1249 spectent
529 1152 794 1224 illustrandam.
819 1151 909 1222 lnde
925 1150 1095 1222 solemnis

56 1256 115 1329 illa
129 1257 182 1332 lex
197 1269 352 1352 unitatis,
370 1259 482 1364 quarn
497 1267 606 1338 multi
621 1293 752 1364 parum
769 1263 993 1339 intellexere:
1009 1287 1095 1334 nam

56 1370 112 1443 alii
128 1378 350 1474 interpretati
367 1397 453 1450 sunt
470 1405 513 1452 eo
527 1386 706 1480 pertinere
721 1375 835 1479 hujus
850 1383 1020 1452 carminis
1038 1405 1097 1449 ra-

56 1490 206 1577 tionem,
224 1507 266 1561 ut
282 1519 324 1563 ex
340 1498 451 1565 totius
468 1497 586 1592 operis
599 1519 744 1566 summa
758 1511 933 1592 tanquam
949 1490 1095 1564 affabu-

55 1599 134 1674 latio
150 1631 238 1699 una.
250 1606 463 1680 duceretur:
491 1609 625 1708 quibus
644 1609 740 1681 inira
759 1633 975 1708 responsum
992 1633 1097 1705 para-

55 1741 140 1806 mus.
174 1719 266 1791 Aliis
290 1721 433 1820 placuit
452 1719 614 1794 hominis
637 1729 749 1794 unius
774 1728 887 1794 vitam
915 1721 1095 1820 legitimos

56 1836 189 1904 unitatis
212 1832 303 1906 fines
327 1861 402 1907 non
428 1837 614 1925 excedere,
644 1842 747 1935 quasi
770 1861 856 1907 vero
879 1861 955 1906 non
977 1833 1095 1906 multo

54 1945 207 2044 amplius
220 1953 265 2020 sit
277 1955 387 2022 totius
404 1955 486 2022 vitae
499 1955 677 2049 spatium,
697 1977 810 2049 quam
827 1949 929 2048 quod
948 1973 1027 2023 uno
1041 1973 1096 2020 as·

54 2080 153 2156 pectu
169 2065 340 2163 amplecti
355 2084 389 2137 et
403 2067 713 2165 comprehendere
727 2070 919 2165 possimus.
935 2105 940 2136 i

95 2178 172 2275 Ego
185 2183 352 2251 unitatem
365 2181 473 2252 aliam
487 2182 628 2253 nullam
644 2181 827 2280 intelligo,
843 2197 972 2278 praeter
985 2181 1096 2250 unius

52 2286 130 2361 iacti
146 2309 332 2382 tenorem,
350 2295 451 2392 quod
466 2295 512 2366 ab
525 2301 604 2394 ipso
619 2300 790 2367 carminis
807 2299 912 2366 initio
928 2299 1096 2392 proposi·

54 2419 125 2475 turn
139 2403 261 2478 fuerit.
275 2407 385 2480 Plura
392 2413 427 2480 si
437 2410 714 2482 ostenderentur
725 2409 836 2500 iacta,
854 2408 1005 2481 vinculo
1018 2433 1095 2479 non

54 2522 128 2590 satis
140 2518 229 2590 lorti
240 2520 478 2613 cohae'rentia,
492 2524 618 2596 nullus
631 2529 750 2622 operis
762 2541 868 2596 tenor
878 2539 1092 2620 superesset:

54 2629 224 2705 fatisceret
244 2661 410 2727 carmen,
435 2638 628 2738 multoque
643 2634 756 2737 magis
774 2638 916 2712 lectoris
930 2641 1093 2722 animus,

55 2772 156 2842 quern
177 2765 212 2819 et
230 2750 418 2824 voluntate
435 2770 469 2824 et
488 2753 608 2825 studio
624 2771 825 2840 carentem,
848 2755 930 2848 vagi
951 2765 1095 2820 tantum

54 2878 82 2931 et
94 2861 238 2934 confusi
254 2863 403 2937 affectus
419 2872 457 2938 in
473 2867 627 2938 decursu
644 2870 934 2964 perstringerent.

99 2979 429 3070 Quemadmodum
450 2985 479 3052 si
501 3007 574 3079 qua
595 2986 736 3080 pictura
758 2979 880 3078 plures
904 3003 1093 3077 personas,

52 3089 145 3162 aliud
160 3093 249 3165 alias
264 3111 425 3192 agentes,
444 3121 510 3168 nec
524 3123 560 3168 se
572 3100 729 3168 invicem
740 3111 937 3194 spectantes
946 3092 1094 3166 exhibe·

52 3207 436 3307 rct,singulaequidem
447 3212 672 3290 nosfortasse
679 3208 963 3299 invitarent,sed
973 3211 1092 3278 statim

53 3319 93 3391 ab
105 3348 180 3392 una
197 3347 414 3396 vocaremur
427 3325 652 3415 adulteram,
669 3325 802 3398 deinde
814 3324 942 3410 aliam3
959 3347 1025 3392 nec
1039 3320 1093 3392 ias

52 3441 338 3536 unipraecaeteris
346 3445 547 3529 immorari,
559 3467 626 3513 nec
634 3440 971 3512 dareturuniversas
981 3436 1091 3508 simul

50 3557 274 3650 conspicere:
301 3581 414 3652 quare
432 3555 605 3628 sollicitos
625 3555 770 3644 oculos,
787 3570 822 3624 et
836 3550 1091 3650 aliquidquod

50 3665 163 3737 abesse
182 3673 359 3742 sentirent
379 3662 752 3769 frustra'quaerentes,
773 3666 874 3738 brevi
894 3665 1091 3738 succedens

49 3778 229 3852 fastidium
252 3799 446 3856 averteret:
479 3811 597 3882 quum
620 3807 706 3853 vero
728 3807 804 3854 una
826 3805 900 3869 res,
932 3805 1006 3850 una
1026 3781 1091 3850 de-

48 3899 173 3992 scripta
185 3895 298 3968 fuerit
310 3901 423 3986 actio,
440 3923 513 3996 qua
525 3900 693 3995 protinus
704 3899 818 3967 animi
831 3891 1090 3993 percellantur,

48 4015 209 4105 quamvis
242 4010 377 4084 multae·
395 4011 515 4084 adsint
539 4033 703 4109 personae
711 4047 724 4103 ,·
753 4008 928 4084 omnibus
950 4007 1087 4094 modis,
